@article{goodfellow2014explaining,
	title={Explaining and harnessing adversarial examples},
	author={Goodfellow, Ian J and Shlens, Jonathon and Szegedy, Christian},
	journal={arXiv preprint arXiv:1412.6572},
	year={2014}
}

@inproceedings{xie2019feature,
	title={Feature denoising for improving adversarial robustness},
	author={Xie, Cihang and Wu, Yuxin and Maaten, Laurens van der and Yuille, Alan L and He, Kaiming},
	booktitle={Proceedings of the IEEE Conference on Computer Vision and Pattern Recognition},
	pages={501--509},
	year={2019}
}

@inproceedings{Xiao2018Spatially,
  title={Spatially Transformed Adversarial Examples},
  author={Xiao, Chaowei and Zhu, Jun Yan and Li, Bo and He, Warren and Liu, Mingyan and Song, Dawn},
  booktitle={International Conference on Learning Representations},
  year={2018},
}

@inproceedings{Engstrom2019A,
  title={A Rotation and a Translation Suffice: Fooling CNNs with Simple Transformations},
  author={Engstrom, Logan and Tsipras, Dimitris and Schmidt, Ludwig and Madry, Aleksander },
  booktitle={International Conference on Machine Learning},
  year={2019},
}

@article{geirhos2018imagenet,
	title={ImageNet-trained CNNs are biased towards texture; increasing shape bias improves accuracy and robustness},
	author={Geirhos, Robert and Rubisch, Patricia and Michaelis, Claudio and Bethge, Matthias and Wichmann, Felix A and Brendel, Wieland},
	journal={arXiv preprint arXiv:1811.12231},
	year={2018}
}

@article{hendrycks2019benchmarking,
	title={Benchmarking neural network robustness to common corruptions and perturbations},
	author={Hendrycks, Dan and Dietterich, Thomas},
	journal={arXiv preprint arXiv:1903.12261},
	year={2019}
}

@article{mallat1989theory,
	title={A theory for multiresolution signal decomposition: the wavelet representation},
	author={Mallat, Stephane G},
	journal={IEEE Transactions on Pattern Analysis \& Machine Intelligence},
	number={7},
	pages={674--693},
	year={1989},
	publisher={Ieee}
}

@article{brendel2019approximating,
	title={Approximating cnns with bag-of-local-features models works surprisingly well on imagenet},
	author={Brendel, Wieland and Bethge, Matthias},
	journal={arXiv preprint arXiv:1904.00760},
	year={2019}
}

@inproceedings{liao2018defense,
	title={Defense against adversarial attacks using high-level representation guided denoiser},
	author={Liao, Fangzhou and Liang, Ming and Dong, Yinpeng and Pang, Tianyu and Hu, Xiaolin and Zhu, Jun},
	booktitle={Proceedings of the IEEE Conference on Computer Vision and Pattern Recognition},
	pages={1778--1787},
	year={2018}
}

@article{simonyan2014very,
	title={Very deep convolutional networks for large-scale image recognition},
	author={Simonyan, Karen and Zisserman, Andrew},
	journal={arXiv preprint arXiv:1409.1556},
	year={2014}
}

@inproceedings{he2016deep,
	title={Deep residual learning for image recognition},
	author={He, Kaiming and Zhang, Xiangyu and Ren, Shaoqing and Sun, Jian},
	booktitle={Proceedings of the IEEE conference on computer vision and pattern recognition},
	pages={770--778},
	year={2016}
}

@inproceedings{huang2017densely,
	title={Densely connected convolutional networks},
	author={Huang, Gao and Liu, Zhuang and Van Der Maaten, Laurens and Weinberger, Kilian Q},
	booktitle={Proceedings of the IEEE conference on computer vision and pattern recognition},
	pages={4700--4708},
	year={2017}
}

@article{azulay2018deep,
	title={Why do deep convolutional networks generalize so poorly to small image transformations?},
	author={Azulay, Aharon and Weiss, Yair},
	journal={arXiv preprint arXiv:1805.12177},
	year={2018}
}

@article{zhang2019making,
	title={Making convolutional networks shift-invariant again},
	author={Zhang, Richard},
	journal={arXiv preprint arXiv:1904.11486},
	year={2019}
}

@article{donoho1995noising,
	title={De-noising by soft-thresholding},
	author={Donoho, David L},
	journal={IEEE transactions on information theory},
	volume={41},
	number={3},
	pages={613--627},
	year={1995},
	publisher={IEEE}
}

@article{donoho1994ideal,
	title={Ideal spatial adaptation by wavelet shrinkage},
	author={Donoho, David L and Johnstone, Jain M},
	journal={biometrika},
	volume={81},
	number={3},
	pages={425--455},
	year={1994},
	publisher={Oxford University Press}
}

@inproceedings{scherer2010evaluation,
	title={Evaluation of pooling operations in convolutional architectures for object recognition},
	author={Scherer, Dominik and M{\"u}ller, Andreas and Behnke, Sven},
	booktitle={International conference on artificial neural networks},
	pages={92--101},
	year={2010},
	organization={Springer}
}

@article{liu2018attribute,
	title={Attribute Enhanced Face Aging with Wavelet-based Generative Adversarial Networks},
	author={Liu, Yunfan and Li, Qi and Sun, Zhenan},
	journal={arXiv preprint arXiv:1809.06647},
	year={2018}
}

@inproceedings{huang2017wavelet,
	title={Wavelet-srnet: A wavelet-based cnn for multi-scale face super resolution},
	author={Huang, Huaibo and He, Ran and Sun, Zhenan and Tan, Tieniu},
	booktitle={Proceedings of the IEEE International Conference on Computer Vision},
	pages={1689--1697},
	year={2017}
}

@article{savareh2019wavelet,
	title={Wavelet-enhanced convolutional neural network: a new idea in a deep learning paradigm},
	author={Savareh, Behrouz Alizadeh and Emami, Hassan and Hajiabadi, Mohamadreza and Azimi, Seyed Majid and Ghafoori, Mahyar},
	journal={Biomedical Engineering/Biomedizinische Technik},
	volume={64},
	number={2},
	pages={195--205},
	year={2019},
	publisher={De Gruyter}
}

@article{yuan2019waveletfcnn,
	title={WaveletFCNN: A Deep Time Series Classification Model for Wind Turbine Blade Icing Detection},
	author={Yuan, Binhang and Wang, Chen and Jiang, Fei and Long, Mingsheng and Yu, Philip S and Liu, Yuan},
	journal={arXiv preprint arXiv:1902.05625},
	year={2019}
}

@inproceedings{liu2018multi,
	title={Multi-level wavelet-CNN for image restoration},
	author={Liu, Pengju and Zhang, Hongzhi and Zhang, Kai and Lin, Liang and Zuo, Wangmeng},
	booktitle={Proceedings of the IEEE Conference on Computer Vision and Pattern Recognition Workshops},
	pages={773--782},
	year={2018}
}

@article{bruna2013invariant_scatnet,
	title={Invariant scattering convolution networks},
	author={Bruna, Joan and Mallat, St{\'e}phane},
	journal={IEEE transactions on PAMI},
	volume={35},
	number={8},
	pages={1872--1886},
	year={2013},
	publisher={IEEE}
}

@article{luan2018gabor_GCN,
	title={Gabor convolutional networks},
	author={Luan, Shangzhen and Chen, Chen and Zhang, Baochang and Han, Jungong and Liu, Jianzhuang},
	journal={IEEE TIP},
	volume={27},
	number={9},
	pages={4357--4366},
	year={2018},
	publisher={IEEE}
}

@inproceedings{Williams2018Wavelet,
  title={Wavelet Pooling for Convolutional Neural Networks},
  author={Williams, Travis and Li, Robert},
  booktitle={International Conference on Learning Representations},
  year={2018},
}

@article{duan2017sar,
  title={SAR Image segmentation based on convolutional-wavelet neural network and markov random field},
  author={Duan, Yiping and Liu, Fang and Jiao, Licheng and Zhao, Peng and Zhang, Lu},
  journal={Pattern Recognition},
  volume={64},
  pages={255--267},
  year={2017},
  publisher={Elsevier}
}

@article{de2019multi,
  title={Multi-Path Learnable Wavelet Neural Network for Image Classification},
  author={De Silva, DDN and Vithanage, HWMK and Fernando, KSD and Piyatilake, ITS},
  journal={arXiv preprint arXiv:1908.09775},
  year={2019}
}

@article{zhang1992wavelet,
  title={Wavelet networks},
  author={Zhang, Qinghua and Benveniste, Albert},
  journal={IEEE transactions on Neural Networks},
  volume={3},
  number={6},
  pages={889--898},
  year={1992},
  publisher={IEEE}
}

@article{szu1992neural,
  title={Neural network adaptive wavelets for signal representation and classification},
  author={Szu, Harold H and Telfer, Brian A and Kadambe, Shubha L},
  journal={Optical Engineering},
  volume={31},
  number={9},
  pages={1907--1917},
  year={1992},
  publisher={International Society for Optics and Photonics}
}

@article{daubechies1988orthonormal,
	title={Orthonormal bases of compactly supported wavelets},
	author={Daubechies, Ingrid},
	journal={Communications on pure and applied mathematics},
	volume={41},
	number={7},
	pages={909--996},
	year={1988},
	publisher={Wiley Online Library}
}

@book{daubechies1992ten,
  title={Ten lectures on wavelets},
  author={Daubechies, Ingrid},
  volume={61},
  year={1992},
  publisher={Siam}
}

@inproceedings{deng2009imagenet,
  title={Imagenet: A large-scale hierarchical image database},
  author={Deng, Jia and Dong, Wei and Socher, Richard and Li, Li-Jia and Li, Kai and Fei-Fei, Li},
  booktitle={2009 IEEE conference on computer vision and pattern recognition},
  pages={248--255},
  year={2009},
  organization={Ieee}
}

@article{brostow2009semantic,
  title={Semantic object classes in video: A high-definition ground truth database},
  author={Brostow, Gabriel J and Fauqueur, Julien and Cipolla, Roberto},
  journal={Pattern Recognition Letters},
  volume={30},
  number={2},
  pages={88--97},
  year={2009},
  publisher={Elsevier}
}

@article{badrinarayanan2017segnet,
	title={Segnet: A deep convolutional encoder-decoder architecture for image segmentation},
	author={Badrinarayanan, Vijay and Kendall, Alex and Cipolla, Roberto},
	journal={IEEE transactions on PAMI},
	volume={39},
	number={12},
	pages={2481--2495},
	year={2017},
	publisher={IEEE}
}

@inproceedings{sandler2018mobilenetv2,
  title={Mobilenetv2: Inverted residuals and linear bottlenecks},
  author={Sandler, Mark and Howard, Andrew and Zhu, Menglong and Zhmoginov, Andrey and Chen, Liang-Chieh},
  booktitle={Proceedings of the IEEE Conference on Computer Vision and Pattern Recognition},
  pages={4510--4520},
  year={2018}
}

@article{paszke2017automatic,
  title={Automatic differentiation in pytorch},
  author={Paszke, Adam and Gross, Sam and Chintala, Soumith and Chanan, Gregory and Yang, Edward and DeVito, Zachary and Lin, Zeming and Desmaison, Alban and Antiga, Luca and Lerer, Adam},
  year={2017}
}

@article{li2019hbonet,
  title={HBONet: Harmonious Bottleneck on Two Orthogonal Dimensions},
  author={Li, Duo and Zhou, Aojun and Yao, Anbang},
  journal={arXiv preprint arXiv:1908.03888},
  year={2019}
}

@techreport{krizhevsky2009learning,
  title={Learning multiple layers of features from tiny images},
  author={Krizhevsky, Alex and Hinton, Geoffrey and others},
  year={2009},
  institution={Citeseer}
}

@inproceedings{krizhevsky2012imagenet,
  title={Imagenet classification with deep convolutional neural networks},
  author={Krizhevsky, Alex and Sutskever, Ilya and Hinton, Geoffrey E},
  booktitle={Advances in neural information processing systems},
  pages={1097--1105},
  year={2012}
}

@article{lecun1998gradient,
  title={Gradient-based learning applied to document recognition},
  author={LeCun, Yann and Bottou, L{\'e}on and Bengio, Yoshua and Haffner, Patrick and others},
  journal={Proceedings of the IEEE},
  volume={86},
  number={11},
  pages={2278--2324},
  year={1998},
  publisher={Taipei, Taiwan}
}

@article{netzer2011reading,
  title={Reading digits in natural images with unsupervised feature learning},
  author={Netzer, Yuval and Wang, Tao and Coates, Adam and Bissacco, Alessandro and Wu, Bo and Ng, Andrew Y},
  year={2011}
}

@article{lundqvist1998karolinska,
  title={The Karolinska directed emotional faces (KDEF)},
  author={Lundqvist, Daniel and Flykt, Anders and {\"O}hman, Arne},
  journal={CD ROM from Department of Clinical Neuroscience, Psychology section, Karolinska Institutet},
  volume={91},
  pages={630},
  year={1998}
}

@inproceedings{yu2014mixed,
  title={Mixed pooling for convolutional neural networks},
  author={Yu, Dingjun and Wang, Hanli and Chen, Peiqiu and Wei, Zhihua},
  booktitle={International Conference on Rough Sets and Knowledge Technology},
  pages={364--375},
  year={2014},
  organization={Springer}
}

@article{zeiler2013stochastic,
  title={Stochastic pooling for regularization of deep convolutional neural networks},
  author={Zeiler, Matthew D and Fergus, Rob},
  journal={arXiv preprint arXiv:1301.3557},
  year={2013}
}

@inproceedings{ronneberger2015u_net,
	title={U-net: Convolutional networks for biomedical image segmentation},
	author={Ronneberger, Olaf and Fischer, Philipp and Brox, Thomas},
	booktitle={International Conference on MICCAI},
	pages={234--241},
	year={2015},
	organization={Springer}
}

@inproceedings{mairal2014convolutional,
  title={Convolutional kernel networks},
  author={Mairal, Julien and Koniusz, Piotr and Harchaoui, Zaid and Schmid, Cordelia},
  booktitle={Advances in neural information processing systems},
  pages={2627--2635},
  year={2014}
}

@article{yoo2019photorealistic,
  title={Photorealistic Style Transfer via Wavelet Transforms},
  author={Yoo, Jaejun and Uh, Youngjung and Chun, Sanghyuk and Kang, Byeongkyu and Ha, Jung-Woo},
  journal={arXiv preprint arXiv:1903.09760},
  year={2019}
}

@inproceedings{chen2018encoder_deeplabv3+,
	title={Encoder-decoder with atrous separable convolution for semantic image segmentation},
	author={Chen, Liang-Chieh and Zhu, Yukun and Papandreou, George and Schroff, Florian and Adam, Hartwig},
	booktitle={Proceedings of the ECCV},
	pages={801--818},
	year={2018}
}

@article{chen2014semantic_deeplabv1,
	title={Semantic image segmentation with deep convolutional nets and fully connected crfs},
	author={Chen, Liang-Chieh and Papandreou, George and Kokkinos, Iasonas and Murphy, Kevin and Yuille, Alan L},
	journal={arXiv preprint arXiv:1412.7062},
	year={2014}
}

@article{nyquist1928certain,
  title={Certain topics in telegraph transmission theory},
  author={Nyquist, Harry},
  journal={Transactions of the American Institute of Electrical Engineers},
  volume={47},
  number={2},
  pages={617--644},
  year={1928},
  publisher={IEEE}
}
