@book{foley1996computer,
  title={Computer graphics: principles and practice},
  author={Foley, James D and Van, Foley Dan and Van Dam, Andries and Feiner, Steven K and Hughes, John F and Angel, Edward and Hughes, J},
  volume={12110},
  year={1996},
  publisher={Addison-Wesley Professional}
}

@inproceedings{kajiya1986rendering,
  title={The rendering equation},
  author={Kajiya, James T},
  booktitle={Proceedings of the 13th annual conference on Computer graphics and interactive techniques},
  pages={143--150},
  year={1986}
}

@article{immel1986radiosity,
  title={A radiosity method for non-diffuse environments},
  author={Immel, David S and Cohen, Michael F and Greenberg, Donald P},
  journal={Acm Siggraph Computer Graphics},
  volume={20},
  number={4},
  pages={133--142},
  year={1986},
  publisher={ACM New York, NY, USA}
}

@article{atzmon2019sal,
  title={Sal: Sign agnostic learning of shapes from raw data},
  author={Atzmon, Matan and Lipman, Yaron},
  journal={arXiv preprint arXiv:1911.10414},
  year={2019}
}

@inproceedings{atzmon2019controlling,
  title={Controlling neural level sets},
  author={Atzmon, Matan and Haim, Niv and Yariv, Lior and Israelov, Ofer and Maron, Haggai and Lipman, Yaron},
  booktitle={Advances in Neural Information Processing Systems},
  pages={2032--2041},
  year={2019}
}

@misc{gropp2020implicit,
    title={Implicit Geometric Regularization for Learning Shapes},
    author={Amos Gropp and Lior Yariv and Niv Haim and Matan Atzmon and Yaron Lipman},
    year={2020},
    eprint={2002.10099},
    archivePrefix={arXiv},
    primaryClass={cs.LG}
}

@article{hornik1989multilayer,
  title={Multilayer feedforward networks are universal approximators.},
  author={Hornik, Kurt and Stinchcombe, Maxwell and White, Halbert and others},
  journal={Neural networks},
  volume={2},
  number={5},
  pages={359--366},
  year={1989}
}

@inproceedings{saito2019pifu,
  title={Pifu: Pixel-aligned implicit function for high-resolution clothed human digitization},
  author={Saito, Shunsuke and Huang, Zeng and Natsume, Ryota and Morishima, Shigeo and Kanazawa, Angjoo and Li, Hao},
  booktitle={Proceedings of the IEEE International Conference on Computer Vision},
  pages={2304--2314},
  year={2019}
}

@article{hornik1990universal,
  title={Universal approximation of an unknown mapping and its derivatives using multilayer feedforward networks},
  author={Hornik, Kurt and Stinchcombe, Maxwell and White, Halbert},
  journal={Neural networks},
  volume={3},
  number={5},
  pages={551--560},
  year={1990},
  publisher={Elsevier}
}


@article{niemeyer2019differentiable,
  title={Differentiable Volumetric Rendering: Learning Implicit 3D Representations without 3D Supervision},
  author={Niemeyer, Michael and Mescheder, Lars and Oechsle, Michael and Geiger, Andreas},
  journal={arXiv preprint arXiv:1912.07372},
  year={2019}
}

@inproceedings{mescheder2019occupancy,
  title={Occupancy networks: Learning 3d reconstruction in function space},
  author={Mescheder, Lars and Oechsle, Michael and Niemeyer, Michael and Nowozin, Sebastian and Geiger, Andreas},
  booktitle={Proceedings of the IEEE Conference on Computer Vision and Pattern Recognition},
  pages={4460--4470},
  year={2019}
}

@inproceedings{chen2019learningimplicit,
  title={Learning implicit fields for generative shape modeling},
  author={Chen, Zhiqin and Zhang, Hao},
  booktitle={Proceedings of the IEEE Conference on Computer Vision and Pattern Recognition},
  pages={5939--5948},
  year={2019}
}

@inproceedings{chen2019learning,
  title={Learning to predict 3d objects with an interpolation-based differentiable renderer},
  author={Chen, Wenzheng and Ling, Huan and Gao, Jun and Smith, Edward and Lehtinen, Jaakko and Jacobson, Alec and Fidler, Sanja},
  booktitle={Advances in Neural Information Processing Systems},
  pages={9605--9616},
  year={2019}
}


@article{jiang2019sdfdiff,
  title={SDFDiff: Differentiable Rendering of Signed Distance Fields for 3D Shape Optimization},
  author={Jiang, Yue and Ji, Dantong and Han, Zhizhong and Zwicker, Matthias},
  journal={arXiv preprint arXiv:1912.07109},
  year={2019}
}

@inproceedings{sitzmann2019scene,
  title={Scene representation networks: Continuous 3D-structure-aware neural scene representations},
  author={Sitzmann, Vincent and Zollh{\"o}fer, Michael and Wetzstein, Gordon},
  booktitle={Advances in Neural Information Processing Systems},
  pages={1119--1130},
  year={2019}
}

@inproceedings{park2019deepsdf,
  title={Deepsdf: Learning continuous signed distance functions for shape representation},
  author={Park, Jeong Joon and Florence, Peter and Straub, Julian and Newcombe, Richard and Lovegrove, Steven},
  booktitle={Proceedings of the IEEE Conference on Computer Vision and Pattern Recognition},
  pages={165--174},
  year={2019}
}


@article{li2018differentiable,
  title={Differentiable monte carlo ray tracing through edge sampling},
  author={Li, Tzu-Mao and Aittala, Miika and Durand, Fr{\'e}do and Lehtinen, Jaakko},
  journal={ACM Transactions on Graphics (TOG)},
  volume={37},
  number={6},
  pages={1--11},
  year={2018},
  publisher={ACM New York, NY, USA}
}

@inproceedings{kato2018neural,
  title={Neural 3d mesh renderer},
  author={Kato, Hiroharu and Ushiku, Yoshitaka and Harada, Tatsuya},
  booktitle={Proceedings of the IEEE Conference on Computer Vision and Pattern Recognition},
  pages={3907--3916},
  year={2018}
}

@article{yifan2019differentiable,
  title={Differentiable surface splatting for point-based geometry processing},
  author={Yifan, Wang and Serena, Felice and Wu, Shihao and {\"O}ztireli, Cengiz and Sorkine-Hornung, Olga},
  journal={ACM Transactions on Graphics (TOG)},
  volume={38},
  number={6},
  pages={1--14},
  year={2019},
  publisher={ACM New York, NY, USA}
}

@inproceedings{loper2014opendr,
  title={OpenDR: An approximate differentiable renderer},
  author={Loper, Matthew M and Black, Michael J},
  booktitle={European Conference on Computer Vision},
  pages={154--169},
  year={2014},
  organization={Springer}
}

@inproceedings{liu2019soft_a,
  title={Soft rasterizer: A differentiable renderer for image-based 3d reasoning},
  author={Liu, Shichen and Li, Tianye and Chen, Weikai and Li, Hao},
  booktitle={Proceedings of the IEEE International Conference on Computer Vision},
  pages={7708--7717},
  year={2019}
}

@article{liu2019soft_b,
  title={Soft rasterizer: Differentiable rendering for unsupervised single-view mesh reconstruction},
  author={Liu, Shichen and Chen, Weikai and Li, Tianye and Li, Hao},
  journal={arXiv preprint arXiv:1901.05567},
  year={2019}
}

@inproceedings{liu2019learning,
  title={Learning to infer implicit surfaces without 3d supervision},
  author={Liu, Shichen and Saito, Shunsuke and Chen, Weikai and Li, Hao},
  booktitle={Advances in Neural Information Processing Systems},
  pages={8293--8304},
  year={2019}
}

@inproceedings{genova2018unsupervised,
  title={Unsupervised training for 3d morphable model regression},
  author={Genova, Kyle and Cole, Forrester and Maschinot, Aaron and Sarna, Aaron and Vlasic, Daniel and Freeman, William T},
  booktitle={Proceedings of the IEEE Conference on Computer Vision and Pattern Recognition},
  pages={8377--8386},
  year={2018}
}


@article{liu2019dist,
  title={DIST: Rendering Deep Implicit Signed Distance Function with Differentiable Sphere Tracing},
  author={Liu, Shaohui and Zhang, Yinda and Peng, Songyou and Shi, Boxin and Pollefeys, Marc and Cui, Zhaopeng},
  journal={arXiv preprint arXiv:1911.13225},
  year={2019}
}

@inproceedings{choy20163d,
  title={3D-R2N2: A Unified Approach for Single and Multi-view 3D Object Reconstruction},
  author={Choy, Christopher B and Xu, Danfei and Gwak, JunYoung and Chen, Kevin and Savarese, Silvio},
  booktitle = {Proceedings of the European Conference on Computer Vision ({ECCV})},
  year={2016} }
  
  @techreport{shapenet2015,
  title       = {{ShapeNet: An Information-Rich 3D Model Repository}},
  author      = {Chang, Angel X. and Funkhouser, Thomas and Guibas, Leonidas and Hanrahan, Pat and Huang, Qixing and Li, Zimo and Savarese, Silvio and Savva, Manolis and Song, Shuran and Su, Hao and Xiao, Jianxiong and Yi, Li and Yu, Fisher},
  number      = {arXiv:1512.03012 [cs.GR]},
  institution = {Stanford University --- Princeton University --- Toyota Technological Institute at Chicago},
  year        = {2015}
}

@article{kingma2014adam,
  title={Adam: A method for stochastic optimization},
  author={Kingma, Diederik P and Ba, Jimmy},
  journal={arXiv preprint arXiv:1412.6980},
  year={2014}
}


@article{paszke2017automatic,
  title={Automatic differentiation in PyTorch},
  author={Paszke, Adam and Gross, Sam and Chintala, Soumith and Chanan, Gregory and Yang, Edward and DeVito, Zachary and Lin, Zeming and Desmaison, Alban and Antiga, Luca and Lerer, Adam},
  year={2017}
}


@article{hart1996sphere,
  title={Sphere tracing: A geometric method for the antialiased ray tracing of implicit surfaces},
  author={Hart, John C},
  journal={The Visual Computer},
  volume={12},
  number={10},
  pages={527--545},
  year={1996},
  publisher={Citeseer}
}