@inproceedings{dosovitskiy2021an,
    title={An Image is Worth 16x16 Words: Transformers for Image Recognition at Scale},
    author={Alexey Dosovitskiy and Lucas Beyer and Alexander Kolesnikov and Dirk Weissenborn and Xiaohua Zhai and Thomas Unterthiner and Mostafa Dehghani and Matthias Minderer and Georg Heigold and Sylvain Gelly and Jakob Uszkoreit and Neil Houlsby},
    booktitle={International Conference on Learning Representations},
    year={2021},
    url={https://openreview.net/forum?id=YicbFdNTTy}
}

@misc{tolstikhin2021mlpmixer,
    title={MLP-Mixer: An all-MLP Architecture for Vision}, 
    author={Ilya Tolstikhin and Neil Houlsby and Alexander Kolesnikov and Lucas Beyer and Xiaohua Zhai and Thomas Unterthiner and Jessica Yung and Daniel Keysers and Jakob Uszkoreit and Mario Lucic and Alexey Dosovitskiy},
    year={2021},
    eprint={2105.01601},
    archivePrefix={arXiv},
    primaryClass={cs.CV}
}

@article{layer-norm,
  title={Layer normalization},
  author={Ba, Jimmy Lei and Kiros, Jamie Ryan and Hinton, Geoffrey E},
  journal={arXiv preprint arXiv:1607.06450},
  year={2016}
}

@inproceedings{foret2021sharpnessaware,
    title={Sharpness-aware Minimization for Efficiently Improving Generalization},
    author={Pierre Foret and Ariel Kleiner and Hossein Mobahi and Behnam Neyshabur},
    booktitle={International Conference on Learning Representations},
    year={2021},
    url={https://openreview.net/forum?id=6Tm1mposlrM}
}

@INPROCEEDINGS{he2016resnet,  
    author={He, Kaiming and Zhang, Xiangyu and Ren, Shaoqing and Sun, Jian},  
    booktitle={2016 IEEE Conference on Computer Vision and Pattern Recognition (CVPR)},   
    title={Deep Residual Learning for Image Recognition},   
    year={2016},  
    pages={770-778},  
    doi={10.1109/CVPR.2016.90}
}

@INPROCEEDINGS{cubuk2019randaugment,  
    author={Cubuk, Ekin D. and Zoph, Barret and Shlens, Jonathon and Le, Quoc V.},  
    booktitle={2020 IEEE/CVF Conference on Computer Vision and Pattern Recognition Workshops (CVPRW)},   
    title={Randaugment: Practical automated data augmentation with a reduced search space},   
    year={2020},  
    pages={3008-3017},  
    doi={10.1109/CVPRW50498.2020.00359}
}

@InProceedings{cubuk2019autoaugment,
    author = {Cubuk, Ekin D. and Zoph, Barret and Mane, Dandelion and Vasudevan, Vijay and Le, Quoc V.},
    title = {AutoAugment: Learning Augmentation Strategies From Data},
    booktitle = {Proceedings of the IEEE/CVF Conference on Computer Vision and Pattern Recognition (CVPR)},
    month = {June},
    year = {2019}
}

@INPROCEEDINGS{deng2009imagenet,  
    author={Deng, Jia and Dong, Wei and Socher, Richard and Li, Li-Jia and Kai Li and Li Fei-Fei},  
    booktitle={2009 IEEE Conference on Computer Vision and Pattern Recognition},   
    title={ImageNet: A large-scale hierarchical image database},   
    year={2009},  
    pages={248-255},  
    doi={10.1109/CVPR.2009.5206848}
}

@article{melas2021you,
  title={Do you even need attention? a stack of feed-forward layers does surprisingly well on imagenet},
  author={Melas-Kyriazi, Luke},
  journal={arXiv preprint arXiv:2105.02723},
  year={2021}
}

@article{liu2021pay,
  title={Pay Attention to MLPs},
  author={Liu, Hanxiao and Dai, Zihang and So, David R and Le, Quoc V},
  journal={arXiv preprint arXiv:2105.08050},
  year={2021}
}

@article{akbari2021vatt,
  title={VATT: Transformers for Multimodal Self-Supervised Learning from Raw Video, Audio and Text},
  author={Akbari, Hassan and Yuan, Linagzhe and Qian, Rui and Chuang, Wei-Hong and Chang, Shih-Fu and Cui, Yin and Gong, Boqing},
  journal={arXiv preprint arXiv:2104.11178},
  year={2021}
}

@article{bertasius2021space,
  title={Is Space-Time Attention All You Need for Video Understanding?},
  author={Bertasius, Gedas and Wang, Heng and Torresani, Lorenzo},
  journal={arXiv preprint arXiv:2102.05095},
  year={2021}
}

@article{arnab2021vivit,
  title={Vivit: A video vision transformer},
  author={Arnab, Anurag and Dehghani, Mostafa and Heigold, Georg and Sun, Chen and Lu{\v{c}}i{\'c}, Mario and Schmid, Cordelia},
  journal={arXiv preprint arXiv:2103.15691},
  year={2021}
}

@article{fan2021multiscale,
  title={Multiscale Vision Transformers},
  author={Fan, Haoqi and Xiong, Bo and Mangalam, Karttikeya and Li, Yanghao and Yan, Zhicheng and Malik, Jitendra and Feichtenhofer, Christoph},
  journal={arXiv preprint arXiv:2104.11227},
  year={2021}
}

@misc{liu2021swin,
    title={Swin Transformer: Hierarchical Vision Transformer using Shifted Windows}, 
    author={Ze Liu and Yutong Lin and Yue Cao and Han Hu and Yixuan Wei and Zheng Zhang and Stephen Lin and Baining Guo},
    year={2021},
    eprint={2103.14030},
    archivePrefix={arXiv},
    primaryClass={cs.CV}
}

@article{vaswani2017attention,
  title={Attention is all you need},
  author={Vaswani, Ashish and Shazeer, Noam and Parmar, Niki and Uszkoreit, Jakob and Jones, Llion and Gomez, Aidan N and Kaiser, Lukasz and Polosukhin, Illia},
  journal={arXiv preprint arXiv:1706.03762},
  year={2017}
}

@misc{touvron2021training,
    title={Training data-efficient image transformers \& distillation through attention}, 
    author={Hugo Touvron and Matthieu Cord and Matthijs Douze and Francisco Massa and Alexandre Sablayrolles and Hervé Jégou},
    year={2021},
    eprint={2012.12877},
    archivePrefix={arXiv},
    primaryClass={cs.CV}
}

@misc{touvron2021resmlp,
    title={ResMLP: Feedforward networks for image classification with data-efficient training}, 
    author={Hugo Touvron and Piotr Bojanowski and Mathilde Caron and Matthieu Cord and Alaaeldin El-Nouby and Edouard Grave and Armand Joulin and Gabriel Synnaeve and Jakob Verbeek and Hervé Jégou},
    year={2021},
    eprint={2105.03404},
    archivePrefix={arXiv},
    primaryClass={cs.CV}
}


@article{srivastava14dropout,
    author  = {Nitish Srivastava and Geoffrey Hinton and Alex Krizhevsky and Ilya Sutskever and Ruslan Salakhutdinov},
    title   = {Dropout: A Simple Way to Prevent Neural Networks from Overfitting},
    journal = {Journal of Machine Learning Research},
    year    = {2014},
    volume  = {15},
    number  = {56},
    pages   = {1929-1958},
    url     = {http://jmlr.org/papers/v15/srivastava14a.html}
}

@article{gpt,
  title={Improving language understanding by generative pre-training},
  author={Radford, Alec and Narasimhan, Karthik and Salimans, Tim and Sutskever, Ilya},
  year={2018}
}

@article{devlin2018bert,
  title={Bert: Pre-training of deep bidirectional transformers for language understanding},
  author={Devlin, Jacob and Chang, Ming-Wei and Lee, Kenton and Toutanova, Kristina},
  journal={arXiv preprint arXiv:1810.04805},
  year={2018}
}

@InProceedings{huang2016deep,
    author="Huang, Gao
    and Sun, Yu
    and Liu, Zhuang
    and Sedra, Daniel
    and Weinberger, Kilian Q.",
    editor="Leibe, Bastian
    and Matas, Jiri
    and Sebe, Nicu
    and Welling, Max",
    title="Deep Networks with Stochastic Depth",
    booktitle="Computer Vision -- ECCV 2016",
    year="2016",
    publisher="Springer International Publishing",
    address="Cham",
    pages="646--661",
    isbn="978-3-319-46493-0"
}

@inproceedings{zhang2018mixup,
    title={mixup: Beyond Empirical Risk Minimization},
    author={Hongyi Zhang and Moustapha Cisse and Yann N. Dauphin and David Lopez-Paz},
    booktitle={International Conference on Learning Representations},
    year={2018},
    url={https://openreview.net/forum?id=r1Ddp1-Rb},
}

@inproceedings{hendrycks2019benchmarking,
    title={Benchmarking Neural Network Robustness to Common Corruptions and Perturbations},
    author={Dan Hendrycks and Thomas Dietterich},
    booktitle={International Conference on Learning Representations},
    year={2019},
    url={https://openreview.net/forum?id=HJz6tiCqYm},
}

@inproceedings{keskar2017largebatch,
    title={On Large-Batch Training for Deep Learning: Generalization Gap and Sharp Minima}, 
    author={Nitish Shirish Keskar and Dheevatsa Mudigere and Jorge Nocedal and Mikhail Smelyanskiy and Ping Tak Peter Tang},
    booktitle={International Conference on Learning Representations},
    year={2017},
    url={https://openreview.net/forum?id=H1oyRlYgg},
}

@InProceedings{pmlr-v80-kleinberg18a,
    title = 	 {An Alternative View: When Does {SGD} Escape Local Minima?},
    author =       {Kleinberg, Bobby and Li, Yuanzhi and Yuan, Yang},
    booktitle = 	 {Proceedings of the 35th International Conference on Machine Learning},
    pages = 	 {2698--2707},
    year = 	 {2018},
    editor = 	 {Dy, Jennifer and Krause, Andreas},
    volume = 	 {80},
    series = 	 {Proceedings of Machine Learning Research},
    month = 	 {10--15 Jul},
    publisher =    {PMLR},
    pdf = 	 {http://proceedings.mlr.press/v80/kleinberg18a/kleinberg18a.pdf},
    url = 	 {http://proceedings.mlr.press/v80/kleinberg18a.html},
}

@inproceedings{jastrzebski2018on,
    title={On the Relation Between the Sharpest Directions of {DNN} Loss and the {SGD} Step Length},
    author={Stanisław Jastrzębski and Zachary Kenton and Nicolas Ballas and Asja Fischer and Yoshua Bengio and Amost Storkey},
    booktitle={International Conference on Learning Representations},
    year={2019},
    url={https://openreview.net/forum?id=SkgEaj05t7},
}

@InProceedings{pmlr-v119-chen20f, 
    title = {Stabilizing Differentiable Architecture Search via Perturbation-based Regularization}, 
    author = {Chen, Xiangning and Hsieh, Cho-Jui}, 
    booktitle = {Proceedings of the 37th International Conference on Machine Learning}, 
    pages = {1554--1565}, 
    year = {2020}, 
    editor = {Hal Daumé III and Aarti Singh}, 
    volume = {119}, 
    series = {Proceedings of Machine Learning Research}, 
    month = {13--18 Jul}, 
    publisher = {PMLR}, 
    pdf = {http://proceedings.mlr.press/v119/chen20f/chen20f.pdf}, 
    url = { http://proceedings.mlr.press/v119/chen20f.html },
}

@inproceedings{l.2018a,
    title={A Bayesian Perspective on Generalization and Stochastic Gradient Descent},
    author={Samuel L. Smith and Quoc V. Le},
    booktitle={International Conference on Learning Representations},
    year={2018},
    url={https://openreview.net/forum?id=BJij4yg0Z},
}

@inproceedings{Zela2020Understanding,
    title={Understanding and Robustifying Differentiable Architecture Search},
    author={Arber Zela and Thomas Elsken and Tonmoy Saikia and Yassine Marrakchi and Thomas Brox and Frank Hutter},
    booktitle={International Conference on Learning Representations},
    year={2020},
    url={https://openreview.net/forum?id=H1gDNyrKDS}
}

@inproceedings{Zhang2017No0,
    title={No . 067 April 4 , 2017 Theory of Deep Learning III : Generalization Properties of SGD by},
    author={C. Zhang and Q. Liao and A. Rakhlin and Karthik Sridharan and B. Miranda and Noah Golowich and T. Poggio},
    year={2017}
}

@inproceedings{chaudhari2017entropysgd,
    title={Entropy-SGD: Biasing Gradient Descent Into Wide Valleys}, 
    author={Pratik Chaudhari and Anna Choromanska and Stefano Soatto and Yann LeCun and Carlo Baldassi and Christian Borgs and Jennifer Chayes and Levent Sagun and Riccardo Zecchina},
    booktitle={International Conference on Learning Representations},
    year={2017},
}

@inproceedings{li2018visualize,
    author = {Li, Hao and Xu, Zheng and Taylor, Gavin and Studer, Christoph and Goldstein, Tom},
    booktitle = {Advances in Neural Information Processing Systems},
    editor = {S. Bengio and H. Wallach and H. Larochelle and K. Grauman and N. Cesa-Bianchi and R. Garnett},
    pages = {},
    publisher = {Curran Associates, Inc.},
    title = {Visualizing the Loss Landscape of Neural Nets},
    url = {https://proceedings.neurips.cc/paper/2018/file/a41b3bb3e6b050b6c9067c67f663b915-Paper.pdf},
    volume = {31},
    year = {2018}
}

@article{Nesterov1983AMF,
    title={A method for solving the convex programming problem with convergence rate $O(1/k^2)$},
    author={Y. Nesterov},
    journal={Proceedings of the USSR Academy of Sciences},
    year={1983},
    volume={269},
    pages={543-547}
}

@article{lee2019generalization,
  title={Generalization in multitask deep neural classifiers: a statistical physics approach},
  author={Lee, Tyler and Ndirango, Anthony},
  journal={arXiv preprint arXiv:1910.13593},
  year={2019}
}

@inproceedings{kingma2017adam,
    title={Adam: A Method for Stochastic Optimization}, 
    author={Diederik P. Kingma and Jimmy Ba},
    year={2015},
    booktitle={International Conference on Learning Representations},
}

@misc{hendrycks2020faces,
    title={The Many Faces of Robustness: A Critical Analysis of Out-of-Distribution Generalization}, 
    author={Dan Hendrycks and Steven Basart and Norman Mu and Saurav Kadavath and Frank Wang and Evan Dorundo and Rahul Desai and Tyler Zhu and Samyak Parajuli and Mike Guo and Dawn Song and Jacob Steinhardt and Justin Gilmer},
    year={2020},
    eprint={2006.16241},
    archivePrefix={arXiv},
    primaryClass={cs.CV}
}

@inproceedings{imagenet-v2,
  title={Do imagenet classifiers generalize to imagenet?},
  author={Recht, Benjamin and Roelofs, Rebecca and Schmidt, Ludwig and Shankar, Vaishaal},
  booktitle={International Conference on Machine Learning},
  pages={5389--5400},
  year={2019},
  organization={PMLR}
}

@article{imagenet-real,
  title={Are we done with ImageNet?},
  author={Beyer, Lucas and H{\'e}naff, Olivier J and Kolesnikov, Alexander and Zhai, Xiaohua and Oord, A{\"a}ron van den},
  journal={arXiv preprint arXiv:2006.07159},
  year={2020}
}

@inproceedings{dziugaite2017computing,
    author    = {Gintare Karolina Dziugaite and
               Daniel M. Roy},
    editor    = {Gal Elidan and
               Kristian Kersting and
               Alexander T. Ihler},
    title     = {Computing Nonvacuous Generalization Bounds for Deep (Stochastic) Neural
               Networks with Many More Parameters than Training Data},
    booktitle = {Proceedings of the Thirty-Third Conference on Uncertainty in Artificial
               Intelligence, {UAI} 2017, Sydney, Australia, August 11-15, 2017},
    publisher = {{AUAI} Press},
    year      = {2017},
    url       = {http://auai.org/uai2017/proceedings/papers/173.pdf},
    timestamp = {Thu, 12 Mar 2020 11:31:14 +0100},
    biburl    = {https://dblp.org/rec/conf/uai/DziugaiteR17.bib},
    bibsource = {dblp computer science bibliography, https://dblp.org}
}

@INPROCEEDINGS{szegedy2016inception,  
    author={Szegedy, Christian and Vanhoucke, Vincent and Ioffe, Sergey and Shlens, Jon and Wojna, Zbigniew},  
    booktitle={2016 IEEE Conference on Computer Vision and Pattern Recognition (CVPR)},   
    title={Rethinking the Inception Architecture for Computer Vision},   
    year={2016},  
    pages={2818-2826},  
    doi={10.1109/CVPR.2016.308}
}

@misc{caron2021emerging,
    title={Emerging Properties in Self-Supervised Vision Transformers}, 
    author={Mathilde Caron and Hugo Touvron and Ishan Misra and Hervé Jégou and Julien Mairal and Piotr Bojanowski and Armand Joulin},
    year={2021},
    eprint={2104.14294},
    archivePrefix={arXiv},
    primaryClass={cs.CV}
}

@misc{bello2021revisiting,
    title={Revisiting ResNets: Improved Training and Scaling Strategies}, 
    author={Irwan Bello and William Fedus and Xianzhi Du and Ekin D. Cubuk and Aravind Srinivas and Tsung-Yi Lin and Jonathon Shlens and Barret Zoph},
    year={2021},
    eprint={2103.07579},
    archivePrefix={arXiv},
    primaryClass={cs.CV}
}

@InProceedings{xie2020advprop,
    author = {Xie, Cihang and Tan, Mingxing and Gong, Boqing and Wang, Jiang and Yuille, Alan L. and Le, Quoc V.},
    title = {Adversarial Examples Improve Image Recognition},
    booktitle = {Proceedings of the IEEE/CVF Conference on Computer Vision and Pattern Recognition (CVPR)},
    month = {June},
    year = {2020}
}

@misc{chen2021robust,
    title={Robust and Accurate Object Detection via Adversarial Learning}, 
    author={Xiangning Chen and Cihang Xie and Mingxing Tan and Li Zhang and Cho-Jui Hsieh and Boqing Gong},
    year={2021},
    eprint={2103.13886},
    archivePrefix={arXiv},
    primaryClass={cs.CV}
}

@INPROCEEDINGS{sun2017revisiting,  
    author={Sun, Chen and Shrivastava, Abhinav and Singh, Saurabh and Gupta, Abhinav},  
    booktitle={2017 IEEE International Conference on Computer Vision (ICCV)},   
    title={Revisiting Unreasonable Effectiveness of Data in Deep Learning Era},   
    year={2017},  
    pages={843-852},  
    doi={10.1109/ICCV.2017.97}
}

@inproceedings{shafahi2019free,
    author = {Shafahi, Ali and Najibi, Mahyar and Ghiasi, Mohammad Amin and Xu, Zheng and Dickerson, John and Studer, Christoph and Davis, Larry S and Taylor, Gavin and Goldstein, Tom},
    booktitle = {Advances in Neural Information Processing Systems},
    editor = {H. Wallach and H. Larochelle and A. Beygelzimer and F. d\textquotesingle Alch\'{e}-Buc and E. Fox and R. Garnett},
    pages = {},
    publisher = {Curran Associates, Inc.},
    title = {Adversarial training for free!},
    url = {https://proceedings.neurips.cc/paper/2019/file/7503cfacd12053d309b6bed5c89de212-Paper.pdf},
    volume = {32},
    year = {2019}
}

@misc{xie2020smooth,
    title={Smooth Adversarial Training}, 
    author={Cihang Xie and Mingxing Tan and Boqing Gong and Alan Yuille and Quoc V. Le},
    year={2020},
    eprint={2006.14536},
    archivePrefix={arXiv},
    primaryClass={cs.LG}
}

@inproceedings{madry2018towards,
    title={Towards Deep Learning Models Resistant to Adversarial Attacks},
    author={Aleksander Madry and Aleksandar Makelov and Ludwig Schmidt and Dimitris Tsipras and Adrian Vladu},
    booktitle={International Conference on Learning Representations},
    year={2018},
    url={https://openreview.net/forum?id=rJzIBfZAb},
}

@inproceedings{Wong2020Fast,
    title={Fast is better than free: Revisiting adversarial training},
    author={Eric Wong and Leslie Rice and J. Zico Kolter},
    booktitle={International Conference on Learning Representations},
    year={2020},
    url={https://openreview.net/forum?id=BJx040EFvH}
}

@TECHREPORT{Krizhevsky09learningmultiple,
    author = {Alex Krizhevsky},
    title = {Learning multiple layers of features from tiny images},
    institution = {},
    year = {2009}
}

@INPROCEEDINGS{parkhi2012cats,  
    author={Parkhi, Omkar M and Vedaldi, Andrea and Zisserman, Andrew and Jawahar, C. V.},  
    booktitle={2012 IEEE Conference on Computer Vision and Pattern Recognition},   
    title={Cats and dogs},   
    year={2012},  
    pages={3498-3505},  
    doi={10.1109/CVPR.2012.6248092}
}

@INPROCEEDINGS{nilsback2008flower,  
    author={Nilsback, Maria-Elena and Zisserman, Andrew},  
    booktitle={2008 Sixth Indian Conference on Computer Vision, Graphics   Image Processing},   
    title={Automated Flower Classification over a Large Number of Classes},   
    year={2008}, 
    pages={722-729},  
    doi={10.1109/ICVGIP.2008.47}
}

@inproceedings{chen2021neural,
    title={Neural Architecture Search on ImageNet in Four {GPU} Hours: A Theoretically Inspired Perspective},
    author={Wuyang Chen and Xinyu Gong and Zhangyang Wang},
    booktitle={International Conference on Learning Representations},
    year={2021},
    url={https://openreview.net/forum?id=Cnon5ezMHtu}
}

@InProceedings{pmlr-v119-xiao20b, 
    title = {Disentangling Trainability and Generalization in Deep Neural Networks}, 
    author = {Xiao, Lechao and Pennington, Jeffrey and Schoenholz, Samuel}, 
    booktitle = {Proceedings of the 37th International Conference on Machine Learning}, 
    pages = {10462--10472}, 
    year = {2020}, 
    editor = {Hal Daumé III and Aarti Singh}, 
    volume = {119}, 
    series = {Proceedings of Machine Learning Research}, 
    month = {13--18 Jul}, 
    publisher = {PMLR}, 
    pdf = {http://proceedings.mlr.press/v119/xiao20b/xiao20b.pdf}, 
    url = { http://proceedings.mlr.press/v119/xiao20b.html }
}

@inproceedings{lee2019wide,
    author = {Lee, Jaehoon and Xiao, Lechao and Schoenholz, Samuel and Bahri, Yasaman and Novak, Roman and Sohl-Dickstein, Jascha and Pennington, Jeffrey},
    booktitle = {Advances in Neural Information Processing Systems},
    editor = {H. Wallach and H. Larochelle and A. Beygelzimer and F. d\textquotesingle Alch\'{e}-Buc and E. Fox and R. Garnett},
    pages = {},
    publisher = {Curran Associates, Inc.},
    title = {Wide Neural Networks of Any Depth Evolve as Linear Models Under Gradient Descent},
    url = {https://proceedings.neurips.cc/paper/2019/file/0d1a9651497a38d8b1c3871c84528bd4-Paper.pdf},
    volume = {32},
    year = {2019}
}

@misc{yang2020scaling,
    title={Scaling Limits of Wide Neural Networks with Weight Sharing: Gaussian Process Behavior, Gradient Independence, and Neural Tangent Kernel Derivation}, 
    author={Greg Yang},
    year={2020},
    eprint={1902.04760},
    archivePrefix={arXiv},
    primaryClass={cs.NE}
}

@inproceedings{burkholz2019init,
    author = {Burkholz, Rebekka and Dubatovka, Alina},
    booktitle = {Advances in Neural Information Processing Systems},
    editor = {H. Wallach and H. Larochelle and A. Beygelzimer and F. d\textquotesingle Alch\'{e}-Buc and E. Fox and R. Garnett},
    pages = {},
    publisher = {Curran Associates, Inc.},
    title = {Initialization of ReLUs for Dynamical Isometry},
    url = {https://proceedings.neurips.cc/paper/2019/file/d9731321ef4e063ebbee79298fa36f56-Paper.pdf},
    volume = {32},
    year = {2019}
}

@article{shin2020trainability,
    author  = {Yeonjong Shin and George Em Karniadakis},
    title   = {TRAINABILITY OF ReLU NETWORKS AND DATA-DEPENDENT INITIALIZATION},
    journal = {Journal of Machine Learning for Modeling and Computing},
    issn    = {2689-3967},
    year    = {2020},
    volume  = {1},
    number  = {1},
    pages   = {39--74}
}

@inproceedings{yang2017mean,
    author = {Yang, Ge and Schoenholz, Samuel},
    booktitle = {Advances in Neural Information Processing Systems},
    editor = {I. Guyon and U. V. Luxburg and S. Bengio and H. Wallach and R. Fergus and S. Vishwanathan and R. Garnett},
    pages = {},
    publisher = {Curran Associates, Inc.},
    title = {Mean Field Residual Networks: On the Edge of Chaos},
    url = {https://proceedings.neurips.cc/paper/2017/file/81c650caac28cdefce4de5ddc18befa0-Paper.pdf},
    volume = {30},
    year = {2017}
}

@INPROCEEDINGS{yun2019cutmix,  
    author={Yun, Sangdoo and Han, Dongyoon and Chun, Sanghyuk and Oh, Seong Joon and Yoo, Youngjoon and Choe, Junsuk},  
    booktitle={2019 IEEE/CVF International Conference on Computer Vision (ICCV)},   
    title={CutMix: Regularization Strategy to Train Strong Classifiers With Localizable Features},   
    year={2019}, 
    pages={6022-6031},  
    doi={10.1109/ICCV.2019.00612}
}

@misc{yuan2021tokenstotoken,
    title={Tokens-to-Token ViT: Training Vision Transformers from Scratch on ImageNet}, 
    author={Li Yuan and Yunpeng Chen and Tao Wang and Weihao Yu and Yujun Shi and Zihang Jiang and Francis EH Tay and Jiashi Feng and Shuicheng Yan},
    year={2021},
    eprint={2101.11986},
    archivePrefix={arXiv},
    primaryClass={cs.CV}
}

@InProceedings{aleksandar2017practical, 
    title = {Practical {G}auss-{N}ewton Optimisation for Deep Learning}, 
    author = {Aleksandar Botev and Hippolyt Ritter and David Barber}, 
    booktitle = {Proceedings of the 34th International Conference on Machine Learning}, 
    pages = {557--565}, 
    year = {2017}, 
    editor = {Precup, Doina and Teh, Yee Whye}, 
    volume = {70}, 
    series = {Proceedings of Machine Learning Research}, 
    month = {06--11 Aug}, 
    publisher = {PMLR}, 
    pdf = {http://proceedings.mlr.press/v70/botev17a/botev17a.pdf},
    url = { http://proceedings.mlr.press/v70/botev17a.html }
}

@misc{hendrycks2020gaussian,
    title={Gaussian Error Linear Units (GELUs)}, 
    author={Dan Hendrycks and Kevin Gimpel},
    year={2020},
    eprint={1606.08415},
    archivePrefix={arXiv},
    primaryClass={cs.LG}
}

@InProceedings{chen2020simclr, 
    title = {A Simple Framework for Contrastive Learning of Visual Representations}, 
    author = {Chen, Ting and Kornblith, Simon and Norouzi, Mohammad and Hinton, Geoffrey},
    booktitle = {Proceedings of the 37th International Conference on Machine Learning}, 
    pages = {1597--1607}, 
    year = {2020}, 
    editor = {Hal Daumé III and Aarti Singh}, 
    volume = {119}, 
    series = {Proceedings of Machine Learning Research}, 
    month = {13--18 Jul}, 
    publisher = {PMLR}, 
    pdf = {http://proceedings.mlr.press/v119/chen20j/chen20j.pdf}, 
    url = { http://proceedings.mlr.press/v119/chen20j.html }
}

@InProceedings{He2020moco,
    author = {He, Kaiming and Fan, Haoqi and Wu, Yuxin and Xie, Saining and Girshick, Ross},
    title = {Momentum Contrast for Unsupervised Visual Representation Learning},
    booktitle = {Proceedings of the IEEE/CVF Conference on Computer Vision and Pattern Recognition (CVPR)},
    month = {June},
    year = {2020}
}

@inproceedings{khosla2020supcon,
    author = {Khosla, Prannay and Teterwak, Piotr and Wang, Chen and Sarna, Aaron and Tian, Yonglong and Isola, Phillip and Maschinot, Aaron and Liu, Ce and Krishnan, Dilip},
    booktitle = {Advances in Neural Information Processing Systems},
    editor = {H. Larochelle and M. Ranzato and R. Hadsell and M. F. Balcan and H. Lin},
    pages = {18661--18673},
    publisher = {Curran Associates, Inc.},
    title = {Supervised Contrastive Learning},
    url = {https://proceedings.neurips.cc/paper/2020/file/d89a66c7c80a29b1bdbab0f2a1a94af8-Paper.pdf},
    volume = {33},
    year = {2020}
}

@inproceedings{You2020Large,
    title={Large Batch Optimization for Deep Learning: Training BERT in 76 minutes},
    author={Yang You and Jing Li and Sashank Reddi and Jonathan Hseu and Sanjiv Kumar and Srinadh Bhojanapalli and Xiaodan Song and James Demmel and Kurt Keutzer and Cho-Jui Hsieh},
    booktitle={International Conference on Learning Representations},
    year={2020},
    url={https://openreview.net/forum?id=Syx4wnEtvH}
}

@misc{chen2021empirical,
    title={An Empirical Study of Training Self-Supervised Vision Transformers}, 
    author={Xinlei Chen and Saining Xie and Kaiming He},
    year={2021},
    eprint={2104.02057},
    archivePrefix={arXiv},
    primaryClass={cs.CV}
}

@InProceedings{alexander202bit,
    author="Kolesnikov, Alexander
    and Beyer, Lucas
    and Zhai, Xiaohua
    and Puigcerver, Joan
    and Yung, Jessica
    and Gelly, Sylvain
    and Houlsby, Neil",
    editor="Vedaldi, Andrea
    and Bischof, Horst
    and Brox, Thomas
    and Frahm, Jan-Michael",
    title="Big Transfer (BiT): General Visual Representation Learning",
    booktitle="Computer Vision -- ECCV 2020",
    year="2020",
    publisher="Springer International Publishing",
    address="Cham",
    pages="491--507",
    isbn="978-3-030-58558-7"
}

@misc{Tieleman2012rmsprop,
    title={{Lecture 6.5---RmsProp: Divide the gradient by a running average of its recent magnitude}},
    author={Tieleman, T. and Hinton, G.},
    howpublished={COURSERA: Neural Networks for Machine Learning},
    year={2012}
}