@inproceedings{langley00,
 author    = {P. Langley},
 title     = {Crafting Papers on Machine Learning},
 year      = {2000},
 pages     = {1207--1216},
 editor    = {Pat Langley},
 booktitle     = {Proceedings of the 17th International Conference
              on Machine Learning (ICML 2000)},
 address   = {Stanford, CA},
 publisher = {Morgan Kaufmann}
}

@TechReport{mitchell80,
  author = 	 "T. M. Mitchell",
  title = 	 "The Need for Biases in Learning Generalizations",
  institution =  "Computer Science Department, Rutgers University",
  year = 	 "1980",
  address =	 "New Brunswick, MA",
}

@phdthesis{kearns89,
  author = {M. J. Kearns},
  title =  {Computational Complexity of Machine Learning},
  school = {Department of Computer Science, Harvard University},
  year =   {1989}
}

@Book{MachineLearningI,
  editor = 	 "R. S. Michalski and J. G. Carbonell and T.
		  M. Mitchell",
  title = 	 "Machine Learning: An Artificial Intelligence
		  Approach, Vol. I",
  publisher = 	 "Tioga",
  year = 	 "1983",
  address =	 "Palo Alto, CA"
}

@Book{DudaHart2nd,
  author =       "R. O. Duda and P. E. Hart and D. G. Stork",
  title =        "Pattern Classification",
  publisher =    "John Wiley and Sons",
  edition =      "2nd",
  year =         "2000"
}

@InCollection{Newell81,
  author =       "A. Newell and P. S. Rosenbloom",
  title =        "Mechanisms of Skill Acquisition and the Law of
                  Practice", 
  booktitle =    "Cognitive Skills and Their Acquisition",
  pages =        "1--51",
  publisher =    "Lawrence Erlbaum Associates, Inc.",
  year =         "1981",
  editor =       "J. R. Anderson",
  chapter =      "1",
  address =      "Hillsdale, NJ"
}


@Article{Samuel59,
  author = 	 "A. L. Samuel",
  title = 	 "Some Studies in Machine Learning Using the Game of
		  Checkers",
  journal =	 "IBM Journal of Research and Development",
  year =	 "1959",
  volume =	 "3",
  number =	 "3",
  pages =	 "211--229"
}

@inproceedings{MinCutBreuer1977,
author = {Breuer, Melvin A.},
title = {A Class of Min-Cut Placement Algorithms},
year = {1977},
publisher = {IEEE Press},
booktitle = {Proceedings of the 14th Design Automation Conference},
pages = {284–290},
numpages = {7},
series = {DAC ’77}
}

@inproceedings{TerminalPropagation1985,
author = {Dunlop & Kernighan},
title = {A procedure for placement of standard-cell VLSI circuits},
year = {1985},
booktitle = {IEEE TCAD},
}

@INPROCEEDINGS{fiduccia1982,
author={C. M. {Fiduccia} and R. M. {Mattheyses}},
booktitle={19th Design Automation Conference},
title={A Linear-Time Heuristic for Improving Network Partitions},
year={1982},
volume={},
number={},
pages={175-181},
keywords={Partitioning algorithms;Iterative algorithms;Data structures;Research and development;Computer networks;Approximation algorithms;Polynomials;Design automation;Pins},
doi={10.1109/DAC.1982.1585498},
ISSN={0146-7123},
month={June},}

@inproceedings{cnnplacer19,
  author    = {Yu{-}Hung Huang and
               Zhiyao Xie and
               Guan{-}Qi Fang and
               Tao{-}Chun Yu and
               Haoxing Ren and
               Shao{-}Yun Fang and
               Yiran Chen and
               Jiang Hu},
  editor    = {J{\"{u}}rgen Teich and
               Franco Fummi},
  title     = {Routability-Driven Macro Placement with Embedded CNN-Based Prediction
               Model},
  booktitle = {Design, Automation {\&} Test in Europe Conference {\&} Exhibition,
               {DATE} 2019, Florence, Italy, March 25-29, 2019},
  pages     = {180--185},
  publisher = {{IEEE}},
  year      = {2019},
}

@INPROCEEDINGS{warp2,
author={ {Zhong Xiu} and R. A. {Rutenbar}},
booktitle={Proceedings. 42nd Design Automation Conference, 2005.},
title={Timing-driven placement by grid-warping},
year={2005},
volume={},
number={},
pages={585-590},
keywords={integrated circuit layout;integrated circuit interconnections;network routing;circuit optimisation;timing-driven placement;grid-warping;2D chip surface;slack-sensitivity-based net weighting;wirelength degradation;runtime degradation;integrated local improvement;rewarping step;Warp2;Algorithm design and analysis;Routing;Software algorithms;Timing;Runtime;Scalability;Permission;Deformable models;Degradation;Software design},
doi={10.1109/DAC.2005.193878},
ISSN={0738-100X},
month={June},}

@inproceedings{kraftwerk2,
author = {P. Spindler, U. Schlichtmann, and F. M. Johannes},
title = {Kraftwerk2 - A fast force-directed quadratic placement approach using an accurate net model},
year = {2008},
month = {August},
publisher = {IEEE Trans. Comput.-Aided Design},
pages={1398–1411},
volume={27},
}

@ARTICLE{RePlAce19,
author={C. {Cheng} and A. B. {Kahng} and I. {Kang} and L. {Wang}},
journal={IEEE Transactions on Computer-Aided Design of Integrated Circuits and Systems},
title={RePlAce: Advancing Solution Quality and Routability Validation in Global Placement},
year={2019},
volume={38},
number={9},
pages={1717-1730}}

@article{REGAL19,
  title={REGAL: Transfer Learning For Fast Optimization of Computation Graphs},
  author={Aditya Sanjay Paliwal and Felix Gimeno and Vinod Nair and Yujia Li and Miles Lubin and Pushmeet Kohli and Oriol Vinyals},
  journal={ArXiv},
  year={2019},
  volume={abs/1905.02494}
}


@article{Placeto18,
  author    = {Ravichandra Addanki and
               Shaileshh Bojja Venkatakrishnan and
               Shreyan Gupta and
               Hongzi Mao and
               Mohammad Alizadeh},
  title     = {Placeto: Learning Generalizable Device Placement Algorithms for Distributed
               Machine Learning},
  journal   = {CoRR},
  volume    = {abs/1906.08879},
  year      = {2019},
  url       = {http://arxiv.org/abs/1906.08879},
  archivePrefix = {arXiv},
  eprint    = {1906.08879},
  timestamp = {Mon, 24 Jun 2019 17:28:45 +0200},
  biburl    = {https://dblp.org/rec/bib/journals/corr/abs-1906-08879},
  bibsource = {dblp computer science bibliography, https://dblp.org}
}

@misc{zhou2019gdp,
    title={GDP: Generalized Device Placement for Dataflow Graphs},
    author={Yanqi Zhou and Sudip Roy and Amirali Abdolrashidi and Daniel Wong and Peter C. Ma and Qiumin Xu and Ming Zhong and Hanxiao Liu and Anna Goldie and Azalia Mirhoseini and James Laudon},
    year={2019},
    eprint={1910.01578},
    archivePrefix={arXiv},
    primaryClass={cs.LG}
}

@ARTICLE{ResistiveNetwork1984,
author={ {Chung-Kuan Cheng} and E. S. {Kuh}},
journal={IEEE Transactions on Computer-Aided Design of Integrated Circuits and Systems},
title={Module Placement Based on Resistive Network Optimization},
year={1984},
volume={3},
number={3},
pages={218-225},
keywords={Partitioning algorithms;Nonlinear equations;Aerospace electronics;Optimization methods;Wire;Microelectronics;Constraint optimization;Sparse matrices;Computational efficiency},
doi={10.1109/TCAD.1984.1270078},
ISSN={1937-4151},
month={July},}

@ARTICLE{proud1988,
author={ {Ren-Song Tsay} and E. S. {Kuh} and {Chi-Ping Hsu}},
journal={IEEE Design Test of Computers},
title={PROUD: a sea-of-gates placement algorithm},
year={1988},
volume={5},
number={6},
pages={44-56},
keywords={circuit layout CAD;PROUD;sea-of-gates placement algorithm;modules;macrocells;sparse linear equations;resistive network analogy;convexity;VAX 8650;Eigenvalues and eigenfunctions;Sparse matrices;Wire;Equations;Application specific integrated circuits;Simulated annealing;Gaussian processes;Aircraft;Joining processes;Symmetric matrices},
doi={10.1109/54.9271},
ISSN={1558-1918},
month={Dec},}

@inproceedings{DAC-1986-SechenS,
	author        = "Carl Sechen and Alberto L. Sangiovanni-Vincentelli",
	booktitle     = "{DAC}",
	doi           = "10.1145/318013.318083",
	ee            = "http://doi.acm.org/10.1145/318013.318083",
	pages         = "432--439",
	publisher     = "{IEEE Computer Society Press}",
	title         = "{TimberWolf3.2: a new standard cell placement and global routing package}",
	year          = 1986,
}

@article {SimulatedAnnealing,
	author = {Kirkpatrick, S. and Gelatt, C. D. and Vecchi, M. P.},
	title = {Optimization by Simulated Annealing},
	volume = {220},
	number = {4598},
	pages = {671--680},
	year = {1983},
	doi = {10.1126/science.220.4598.671},
	publisher = {American Association for the Advancement of Science},
	issn = {0036-8075},
	URL = {https://science.sciencemag.org/content/220/4598/671},
	eprint = {https://science.sciencemag.org/content/220/4598/671.full.pdf},
	journal = {Science}
}

@inbook{dragon,
author = {Sarrafzadeh, Majid and Wang, Maogang and Yang, Xiaojian},
year = {2003},
month = {01},
pages = {57-89},
title = {Dragon: A Placement Framework},
publisher = {Springer},
isbn = {978-1-4419-5309-4},
doi = {10.1007/978-1-4757-3781-3_3}
}

@inproceedings{fengshui2005,
author = {Agnihotri, Ameya and Ono, Satoshi and Madden, Patrick},
year = {2005},
month = {01},
pages = {230-232},
title = {Recursive bisection placement: Feng shui 5.0 implementation details},
booktitle = {Proceedings of the International Symposium on Physical Design},
doi = {10.1145/1055137.1055186}
}

@Inbook{Capo2007,
author="Roy, Jarrod A.
and Papa, David A.
and Markov, Igor L.",
title="Capo: Congestion-Driven Placement for Standard-cell and RTL Netlists with Incremental Capability",
bookTitle="Modern Circuit Placement: Best Practices and Results",
year="2007",
publisher="Springer US",
address="Boston, MA",
pages="97--133",
}

@INPROCEEDINGS{dplace2008,
author={ {Tao Luo} and D. Z. {Pan}},
booktitle={2008 Asia and South Pacific Design Automation Conference},
title={DPlace2.0: A stable and efficient analytical placement based on diffusion},
year={2008},
volume={},
number={},
pages={346-351},
doi={10.1109/ASPDAC.2008.4483972},
ISSN={2153-697X},
month={March},}

@inproceedings{simpl2010,
author = {Kim, Myung-Chul and Lee, Dong-Jin and Markov, Igor L.},
title = {SimPL: An Effective Placement Algorithm},
year = {2010},
isbn = {9781424481927},
publisher = {IEEE Press},
booktitle = {Proceedings of the International Conference on Computer-Aided Design},
pages = {649–656},
numpages = {8},
location = {San Jose, California},
series = {ICCAD ’10}}


@article{EPlace15,
author = {Lu, Jingwei and Chen, Pengwen and Chang, Chin-Chih and Sha, Lu and Huang, Dennis Jen-Hsin and Teng, Chin-Chi and Cheng, Chung-Kuan},
title = {EPlace: Electrostatics-Based Placement Using Fast Fourier Transform and Nesterov’s Method},
year = {2015},
volume = {20},
number = {2},
issn = {1084-4309},
journal = {ACM Trans. Des. Autom. Electron. Syst.},
}

@inproceedings{maple2012,
author = {Kim, Myung-Chul and Viswanathan, Natarajan and Alpert, Charles J. and Markov, Igor L. and Ramji, Shyam},
title = {MAPLE: Multilevel Adaptive Placement for Mixed-Size Designs},
year = {2012},
isbn = {9781450311670},
publisher = {Association for Computing Machinery},
address = {New York, NY, USA},
url = {https://doi.org/10.1145/2160916.2160958},
doi = {10.1145/2160916.2160958},
booktitle = {Proceedings of the 2012 ACM International Symposium on International Symposium on Physical Design},
pages = {193–200},
numpages = {8},
keywords = {placement, layout, physical design, optimization, algorithms},
location = {Napa, California, USA},
series = {ISPD ’12}
}

@ARTICLE{EPlacemixed15,
author={J. {Lu} and H. {Zhuang} and P. {Chen} and H. {Chang} and C. {Chang} and Y. {Wong} and L. {Sha} and D. {Huang} and Y. {Luo} and C. {Teng} and C. {Cheng}},
journal={IEEE Transactions on Computer-Aided Design of Integrated Circuits and Systems},
title={ePlace-MS: Electrostatics-Based Placement for Mixed-Size Circuits},
year={2015},
volume={34},
number={5},
pages={685-698}}


@inproceedings{EPLace3D16,
author = {Lu, Jingwei and Zhuang, Hao and Kang, Ilgweon and Chen, Pengwen and Cheng, Chung-Kuan},
title = {EPlace-3D: Electrostatics Based Placement for 3D-ICs},
year = {2016},
isbn = {9781450340397},
publisher = {Association for Computing Machinery},
address = {New York, NY, USA},
url = {https://doi.org/10.1145/2872334.2872361},
doi = {10.1145/2872334.2872361},
booktitle = {Proceedings of the 2016 on International Symposium on Physical Design},
series = {ISPD ’16}
}

@INPROCEEDINGS{complx2012,
author={M. {Kim} and I. L. {Markov}},
booktitle={DAC Design Automation Conference 2012},
title={ComPLx: A competitive primal-dual Lagrange optimization for global placement},
year={2012},
volume={},
number={},
pages={747-755},
keywords={circuit optimisation;integrated circuit interconnections;integrated circuit layout;integrated circuit modelling;ComPLx;competitive primal-dual Lagrange optimization;global placement;projected-subgradient primal-dual Lagrange optimization;interconnect model;nonconvex problem;SimPLR algorithm;Ripple algorithm;Optimization;Runtime;Benchmark testing;Convergence;Approximation methods;Algorithm design and analysis;Layout;Algorithms;optimization;physical design;placement},
doi={},
ISSN={0738-100X},
month={June},}

@article{bonnplace2008,
author = {Brenner, U. and Struzyna, M. and Vygen, J.},
title = {BonnPlace: Placement of Leading-Edge Chips by Advanced Combinatorial Algorithms},
year = {2008},
issue_date = {September 2008},
publisher = {IEEE Press},
volume = {27},
number = {9},
issn = {0278-0070},
url = {https://doi.org/10.1109/TCAD.2008.927674},
doi = {10.1109/TCAD.2008.927674},
journal = {Trans. Comp.-Aided Des. Integ. Cir. Sys.},
month = sep,
pages = {1607–1620},
numpages = {14},
keywords = {quadratic optimization, placement, physical design, network flows, Layout}
}
  
@inproceedings{polar2013,
author = {Lin, Tao and Chu, Chris and Shinnerl, Joseph R. and Bustany, Ismail and Nedelchev, Ivailo},
title = {POLAR: Placement Based on Novel Rough Legalization and Refinement},
year = {2013},
isbn = {9781479910694},
publisher = {IEEE Press},
booktitle = {Proceedings of the International Conference on Computer-Aided Design},
pages = {357–362},
numpages = {6},
location = {San Jose, California},
series = {ICCAD ’13}
}
  
@ARTICLE{mfar2005,
author={ {Bo Hu} and M. {Marek-Sadowska}},
journal={IEEE Transactions on Computer-Aided Design of Integrated Circuits and Systems},
title={Multilevel fixed-point-addition-based VLSI placement},
year={2005},
volume={24},
number={8},
pages={1188-1203},
keywords={integrated circuit layout;quadratic programming;VLSI;multilevel fixed point addition;VLSI placement;quadratic programming;pseudocells;force directed placement;Very large scale integration;Timing;Algorithm design and analysis;Transistors;Logic design;Crosstalk;Silicon;Quadratic programming;Wire;Force-directed placement;multilevel placement;quadratic placement},
doi={10.1109/TCAD.2005.850802},
ISSN={1937-4151},
month={Aug},}

@inproceedings{kraftwerk2005,
author = {Obermeier, Bernd and Ranke, Hans and Johannes, Frank},
year = {2005},
month = {01},
pages = {242-244},
title = {Kraftwerk: a versatile placement approach.},
booktitle = {ISPD},
doi = {10.1145/1055137.1055190}
}

@ARTICLE{kraftwerk22008,
author={P. {Spindler} and U. {Schlichtmann} and F. M. {Johannes}},
journal={IEEE Transactions on Computer-Aided Design of Integrated Circuits and Systems},
title={Kraftwerk2—A Fast Force-Directed Quadratic Placement Approach Using an Accurate Net Model},
year={2008},
volume={27},
number={8},
pages={1398-1411},
doi={10.1109/TCAD.2008.925783},
ISSN={1937-4151},
month={Aug},}

@inbook{fastplace2007,
author = {Viswanathan, Natarajan and Pan, Min and Chu, Chris},
year = {2007},
month = {01},
pages = {193-228},
title = {FastPlace: An Efficient Multilevel Force-Directed Placement Algorithm},
publisher = {Springer},
doi = {10.1007/978-0-387-68739-1_8}
}

@inproceedings{rql2007,
author = {Viswanathan, Natarajan and Nam, Gi-Joon and Alpert, C.J. and Villarrubia, Paul and Ren, Haoxing and Chu, Chris},
year = {2007},
month = {07},
pages = {453-458},
title = {RQL: Global Placement via Relaxed Quadratic Spreading and Linearization},
isbn = {978-1-59593-627-1},
booktitle = {Proceedings - Design Automation Conference},
doi = {10.1145/1278480.1278599}
}

@inproceedings{warp22005,
author = {Xiu, Zhong and Rutenbar, Rob},
year = {2005},
month = {07},
pages = {585- 590},
title = {Timing-driven placement by grid-warping},
isbn = {1-59593-058-2},
doi = {10.1109/DAC.2005.193878}
}

@INPROCEEDINGS{aplace22005,
author={A. B. {Kahng} and S. {Reda} and {Qinke Wang}},
booktitle={ICCAD-2005. IEEE/ACM International Conference on Computer-Aided Design, 2005.},
title={Architecture and details of a high quality, large-scale analytical placer},
year={2005},
volume={},
number={},
pages={891-898},
doi={10.1109/ICCAD.2005.1560188},
ISSN={1558-2434},
month={Nov},}

@INPROCEEDINGS{logsumexp2001,
	title = {Non-linear Optimization System And Method For Wire Length And Delay Optimization For An Automatic Electric Circuit Placer},
	author = {Naylor William and Donelly Ross and Sha Lu},
	year = {2001},
	booktitle={Patent},
	location = {United States},
}

@inproceedings{NTUPlacer06,
author = {Chen, Tung-Chieh and Jiang, Zhe-Wei and Hsu, Tien-Chang and Chen, Hsin-Chen and Chang, Yao-Wen},
title = {A High-Quality Mixed-Size Analytical Placer Considering Preplaced Blocks and Density Constraints},
year = {2006},
isbn = {1595933891},
publisher = {Association for Computing Machinery},
address = {New York, NY, USA},
booktitle = {Proceedings of the 2006 IEEE/ACM International Conference on Computer-Aided Design},
pages = {187–192},
series = {ICCAD ’06}
}

@INPROCEEDINGS{weightedaverage2011,
author={M. {Hsu} and Y. {Chang} and V. {Balabanov}},
booktitle={2011 48th ACM/EDAC/IEEE Design Automation Conference (DAC)},
title={TSV-aware analytical placement for 3D IC designs},
year={2011},
volume={},
number={},
pages={664-669},
keywords={integrated circuit design;three-dimensional integrated circuits;TSV aware analytical placement;3D IC design;through silicon vias;three dimensional integrated circuit;3D IC placement;3D analytical global placement;density optimization;TSV aware legalization;layer-by-layer detailed placement;weighted average wirelength model;log sum exp wirelength model;3D routing;Three dimensional displays;Through-silicon vias;Mathematical model;Routing;Estimation error;Equations;Physical Design;Placement;3D ICs},
doi={},
ISSN={0738-100x},
month={June},}

@ARTICLE{ntuplace32008,
author={T. {Chen} and Z. {Jiang} and T. {Hsu} and H. {Chen} and Y. {Chang}},
journal={IEEE Transactions on Computer-Aided Design of Integrated Circuits and Systems},
title={NTUplace3: An Analytical Placer for Large-Scale Mixed-Size Designs With Preplaced Blocks and Density Constraints},
year={2008},
volume={27},
number={7},
pages={1228-1240},
keywords={conjugate gradient methods;integrated circuit design;smoothing circuits;NTUplace3;analytical placer;large-scale mixed-size design;density constraint;high-quality analytical placement algorithm;log-sum-exp wirelength model;two-stage smoothing;block spreading;global placement;white-space reallocation;partitioning;cut-line shifting;cell sliding;conjugate gradient method;dynamic step-size control;Large-scale systems;White spaces;Smoothing methods;Algorithm design and analysis;Routing;Sliding mode control;Gradient methods;Transistors;Intellectual property;Digital integrated circuits;Legalization (LG);physical design;placement},
doi={10.1109/TCAD.2008.923063},
ISSN={1937-4151},
month={July},}

@article{hpwl1991,
author = {Shahookar, K. and Mazumder, P.},
title = {VLSI Cell Placement Techniques},
year = {1991},
issue_date = {June 1991},
publisher = {Association for Computing Machinery},
address = {New York, NY, USA},
volume = {23},
number = {2},
issn = {0360-0300},
url = {https://doi.org/10.1145/103724.103725},
doi = {10.1145/103724.103725},
journal = {ACM Comput. Surv.},
month = jun,
pages = {143–220},
numpages = {78},
keywords = {genetic algorithm, standard cell, simulated annealing, force-directed placement, placement, floor planning, physical design, layout, VLSI, min-cut, integrated circuits, gate array}
}

@inproceedings{forcedirected1972,
author = {Hanan, M. AND Kurtzberg, J.M.},
title = {Placement techniques},
booktitle={Design Automation of Digital Systems},
year = {1972},
}



@inproceedings{hmetis1998,
author = {George Karypis and Vipin Kumar},
title = {A Hypergraph Partitioning Package},
booktitle={HMETIS},
year = {1998},
}

@inproceedings{MAPLE12,
author = {Kim, Myung-Chul and Viswanathan, Natarajan and Alpert, Charles J. and Markov, Igor L. and Ramji, Shyam},
title = {MAPLE: Multilevel Adaptive Placement for Mixed-Size Designs},
publisher = {Association for Computing Machinery},
address = {New York, NY, USA},
booktitle = {Proceedings of the 2012 ACM International Symposium on International Symposium on Physical Design},
pages = {193–200},
year={2012},
series = {ISPD}
}


@misc{ppo17,
    title={Proximal Policy Optimization Algorithms},
    author={John Schulman and Filip Wolski and Prafulla Dhariwal and Alec Radford and Oleg Klimov},
    year={2017},
    eprint={1707.06347},
    archivePrefix={arXiv},
    primaryClass={cs.LG}
}  


@inproceedings{RouteNet18,
author = {Zhiyao Xie 
Duke Univeristy, Durham, NC, USA
; Yu-Hung Huang ; Guan-Qi Fang ; Haoxing Ren ; Shao-Yun Fang ; Yiran Chen ; Jiang Hu},
title = {RouteNet: Routability prediction for Mixed-Size Designs Using Convolutional Neural Network},
booktitle = {IEEE/ACM International Conference on Computer-Aided Design (ICCAD},
year = {2018}
}

@misc{nazi2019gap,
    title={GAP: Generalizable Approximate Graph Partitioning Framework},
    author={Azade Nazi and Will Hang and Anna Goldie and Sujith Ravi and Azalia Mirhoseini},
    year={2019},
    eprint={1903.00614},
    archivePrefix={arXiv},
    primaryClass={cs.LG}
}

@misc{zhang2018link,
    title={Link Prediction Based on Graph Neural Networks},
    author={Muhan Zhang and Yixin Chen},
    year={2018},
    eprint={1802.09691},
    archivePrefix={arXiv},
    primaryClass={cs.LG}
}

@inproceedings{Dreamplace19,
author = {Lin, Yibo and Dhar, Shounak and Li, Wuxi and Ren, Haoxing and Khailany, Brucek and Pan, David Z.},
title = {DREAMPlace: Deep Learning Toolkit-Enabled GPU Acceleration for Modern VLSI Placement},
year = {2019},
booktitle = {Proceedings of the 56th Annual Design Automation Conference 2019},
articleno = {Article 117},
numpages = {6},
location = {Las Vegas, NV, USA},
series = {DAC ’19}
}

@article{gilbert1968steiner,
  title={Steiner minimal trees},
  author={Gilbert, Edgar N and Pollak, Henry O},
  journal={SIAM Journal on Applied Mathematics},
  volume={16},
  number={1},
  pages={1--29},
  year={1968},
  publisher={SIAM}
}
