@Article{Bell,
author ="Bell, Ronald P.",
title  ="The Electrostatic Energy of Dipole Molecules in Different Media",
journal  ="Trans. Faraday Soc. ",
year  ="1931",
volume  ="27",
issue  ="0",
pages  ="797-802",
publisher  ="The Royal Society of Chemistry",
doi  ="10.1039/TF9312700797",
url  ="http://dx.doi.org/10.1039/TF9312700797",
abstract  =""}

@article{Barker1973,
  doi = {10.1080/00268977300102101},
  url = {https://doi.org/10.1080/00268977300102101},
  year = {1973},
  month = sep,
  publisher = {Informa {UK} Limited},
  volume = {26},
  number = {3},
  pages = {789--792},
  author = {J.A. Barker and R.O. Watts},
  title = {Monte Carlo Studies of the Dielectric Properties of Water-like Models},
  journal = {Mol. Phys.}
}

@article{Stenqvist2015Direct,
author = {Stenqvist,Björn  and Trulsson,Martin  and Abrikosov,Alexei I.  and Lund,Mikael },
title = {Direct Summation of Dipole-dipole Interactions Using the Wolf Formalism},
journal = {J. Chem. Phys.},
volume = {143},
number = {1},
pages = {014109},
year = {2015},
doi = {10.1063/1.4923001},
URL = { 
        https://doi.org/10.1063/1.4923001
},
eprint = { 
        https://doi.org/10.1063/1.4923001
}
}

@article{ewald1921berechnung,
author = {Ewald, P. P.},
title = {Die Berechnung Optischer Und Elektrostatischer Gitterpotentiale},
journal = {Ann. Phys. (Berl.)},
volume = {369},
number = {3},
pages = {253-287},
doi = {10.1002/andp.19213690304},
url = {https://onlinelibrary.wiley.com/doi/abs/10.1002/andp.19213690304},
eprint = {https://onlinelibrary.wiley.com/doi/pdf/10.1002/andp.19213690304},
year = {1921}
}

@article{kornfeld1924berechnung,
  title={Die Berechnung Elektrostatischer Potentiale Und Der Energie Von Dipol-und Quadrupolgittern},
  author={Kornfeld, H},
  journal={Z. Phys. A - Hadron. Nucl.},
  volume={22},
  number={1},
  pages={27--43},
  year={1924},
  url = {https://doi.org/10.1007/bf01328109},
  publisher={Springer}
}

@article{kolafa1992cutoff,
author = { Jiri   Kolafa  and  John W.   Perram },
title = {Cutoff Errors in the Ewald Summation Formulae for Point Charge Systems},
journal = {Mol. Simulat.},
volume = {9},
number = {5},
pages = {351-368},
year  = {1992},
publisher = {Taylor & Francis},
doi = {10.1080/08927029208049126},
URL = { 
        https://doi.org/10.1080/08927029208049126
},
eprint = { 
        https://doi.org/10.1080/08927029208049126
}
}

@article{wang2001estimate,
author = {Wang,Zuowei  and Holm,Christian },
title = {Estimate of the Cutoff Errors in the Ewald Summation for Dipolar Systems},
journal = {J. Chem. Phys.},
volume = {115},
number = {14},
pages = {6351-6359},
year = {2001},
doi = {10.1063/1.1398588},
URL = { 
        https://doi.org/10.1063/1.1398588
},
eprint = { 
        https://doi.org/10.1063/1.1398588
}
}

@article{PME,
author = {Darden,Tom  and York,Darrin  and Pedersen,Lee },
title = {Particle Mesh Ewald: An $N\cdot \log(N)$ Method for Ewald Sums in Large Systems},
journal = {J. Chem. Phys.},
volume = {98},
number = {12},
pages = {10089-10092},
year = {1993},
doi = {10.1063/1.464397},
URL = { https://doi.org/10.1063/1.464397},
eprint = { https://doi.org/10.1063/1.464397}
}

@article{wolf1999exact,
author = {Wolf,D.  and Keblinski,P.  and Phillpot,S. R.  and Eggebrecht,J. },
title = {Exact Method for the Simulation of Coulombic Systems by Spherically Truncated, Pairwise $r^{-1}$ Summation},
journal = {J. Chem. Phys.},
volume = {110},
number = {17},
pages = {8254-8282},
year = {1999},
doi = {10.1063/1.478738},
URL = { https://doi.org/10.1063/1.478738},
eprint = { https://doi.org/10.1063/1.478738}
}

@article{demontis2001application,
author = {Demontis,Pierfranco  and Spanu,Silvano  and Suffritti,Giuseppe B. },
title = {Application of the Wolf Method for the Evaluation of Coulombic Interactions to Complex Condensed Matter Systems: Aluminosilicates and Water},
journal = {J. Chem. Phys.},
volume = {114},
number = {18},
pages = {7980-7988},
year = {2001},
doi = {10.1063/1.1364638},
URL = { 
        https://doi.org/10.1063/1.1364638
},
eprint = { 
        https://doi.org/10.1063/1.1364638
}
}

@article{zahn2002enhancement,
author = {Zahn, Dirk and Schilling, Bernd and Kast, Stefan M.},
title = {Enhancement of the Wolf Damped Coulomb Potential: Static, Dynamic, and Dielectric Properties of Liquid Water from Molecular Simulation},
journal = {J. Phys. Chem. B},
volume = {106},
number = {41},
pages = {10725-10732},
year = {2002},
doi = {10.1021/jp025949h},
URL = { https://doi.org/10.1021/jp025949h},
eprint = { https://doi.org/10.1021/jp025949h}
}

@article{Fennell2006,
author = {Fennell,Christopher J.  and Gezelter,J. Daniel },
title = {Is the Ewald Summation Still Necessary? Pairwise Alternatives to the Accepted Standard for Long-range Electrostatics},
journal = {J. Chem. Phys.},
volume = {124},
number = {23},
pages = {234104},
year = {2006},
doi = {10.1063/1.2206581},
URL = { https://doi.org/10.1063/1.2206581},
eprint = { https://doi.org/10.1063/1.2206581}
}

@article{fanourgakis2009fast,
author = {Fanourgakis,George S.  and Markland,Thomas E.  and Manolopoulos,David E. },
title = {A Fast Path Integral Method for Polarizable Force Fields},
journal = {J. Chem. Phys.},
volume = {131},
number = {9},
pages = {094102},
year = {2009},
doi = {10.1063/1.3216520},
URL = { https://aip.scitation.org/doi/abs/10.1063/1.3216520},
eprint = { https://aip.scitation.org/doi/pdf/10.1063/1.3216520}
}

@article{Fukuda2011Molecular,
author = {Fukuda,Ikuo  and Yonezawa,Yasushige  and Nakamura,Haruki },
title = {Molecular Dynamics Scheme for Precise Estimation of Electrostatic Interaction via Zero-dipole Summation Principle},
journal = {J. Chem. Phys.},
volume = {134},
number = {16},
pages = {164107},
year = {2011},
doi = {10.1063/1.3582791},
URL = { 
        https://doi.org/10.1063/1.3582791
},
eprint = { 
        https://doi.org/10.1063/1.3582791
}
}

@article{fukuda2013zero,
author = {Fukuda,Ikuo },
title = {Zero-multipole Summation Method for Efficiently Estimating Electrostatic Interactions in Molecular System},
journal = {J. Chem. Phys.},
volume = {139},
number = {17},
pages = {174107},
year = {2013},
doi = {10.1063/1.4827055},
URL = { 
        https://doi.org/10.1063/1.4827055
},
eprint = { 
        https://doi.org/10.1063/1.4827055
}
}

@article{mendoza2008wolf,
author = {Mendoza,Francisco Noé  and López-Lemus,Jorge  and Chapela,Gustavo A.  and Alejandre,José },
title = {The Wolf Method Applied to the Liquid-vapor Interface of Water},
journal = {J. Chem. Phys.},
volume = {129},
number = {2},
pages = {024706},
year = {2008},
doi = {10.1063/1.2948951},
URL = { 
        https://doi.org/10.1063/1.2948951
},
eprint = { 
        https://doi.org/10.1063/1.2948951
}
}

@book{bottcher1978theory,
Author = {B{\"o}ttcher, Carl Johan Friedrich},
ISBN = {0444410198},
Publisher = {Elsevier},
Title = {Theory of Electric Polarization},
URL = {http://ludwig.lub.lu.se/login?url=https://search.ebscohost.com/login.aspx?direct=true&db=cat07147a&AN=lub.600793&site=eds-live&scope=site},
Year = {1973},
}

@book{stone2013theory,
Author = {Stone, A. J.},
ISBN = {9780191652950},
Publisher = {Oxford University Press},
Title = {The Theory of Intermolecular Forces},
URL = {http://ludwig.lub.lu.se/login?url=https://search.ebscohost.com/login.aspx?direct=true&db=cat02271a&AN=atoz.ebs1814454e&site=eds-live&scope=site},
Year = {2013},
}

@article{Macon1958,
  doi = {10.1080/00029890.1958.11989147},
  url = {https://doi.org/10.1080/00029890.1958.11989147},
  year = {1958},
  month = feb,
  publisher = {Informa {UK} Limited},
  volume = {65},
  number = {2},
  pages = {95--100},
  author = {N. Macon and A. Spitzbart},
  title = {Inverses of Vandermonde Matrices},
  journal = {Am. Math. Mon.}
}

@book{tikhonov1963equations,
Author = {Tichonov, Andrej Nikolaevič and Samarskij, Aleksandr Andreevič},
ISBN = {0486664228 },
Publisher = {Pergamon},
Series = {International series of monographs in pure and applied mathematics: 39},
Title = {Equations of Mathematical Physics},
URL = {http://ludwig.lub.lu.se/login?url=https://search.ebscohost.com/login.aspx?direct=true&db=cat07147a&AN=lub.415279&site=eds-live&scope=site},
Year = {1963},
}

@article{friedman1975image,
author = { Harold L.   Friedman },
title = {Image Approximation to the Reaction Field},
journal = {Mol. Phys.},
volume = {29},
number = {5},
pages = {1533-1543},
year  = {1975},
publisher = {Taylor & Francis},
doi = {10.1080/00268977500101341},
URL = { 
        https://doi.org/10.1080/00268977500101341
},
eprint = { 
        https://doi.org/10.1080/00268977500101341
}
}

@book{comtetadvanced,
Author = {Comtet, Louis},
ISBN = {9027703809},
Publisher = {Reidel},
Title = {Advanced Combinatorics : The Art of Finite and Infinite Expansions},
URL = {http://ludwig.lub.lu.se/login?url=https://search.ebscohost.com/login.aspx?direct=true&db=cat07147a&AN=lub.1422596&site=eds-live&scope=site},
Year = {1974},
}

@book{kac2002quantum,
Author = {Kac, Victor and Cheung, Pokman},
ISBN = {0387953418 ;},
Publisher = {Springer},
Series = {Universitext},
Title = {Quantum Calculus},
URL = {http://ludwig.lub.lu.se/login?url=https://search.ebscohost.com/login.aspx?direct=true&db=cat07147a&AN=lub.1415303&site=eds-live&scope=site},
Year = {2002},
}

@article{stenqvist2018replicate,
doi = {10.1209/0295-5075/123/10003},
url = {https://doi.org/10.1209/0295-5075/123/10003},
year = 2018,
month = {aug},
publisher = {{IOP} Publishing},
volume = {123},
number = {1},
pages = {10003},
author = {B. Stenqvist and M. Lund},
title = {Replicate or Alternate? Isotropic Boundary Conditions and Implications for Ewald Summation},
journal = {Europhys. Lett.}
}

@article{Eastman2013,
author = {Eastman, Peter and Friedrichs, Mark S. and Chodera, John D. and Radmer, Randall J. and Bruns, Christopher M. and Ku, Joy P. and Beauchamp, Kyle A. and Lane, Thomas J. and Wang, Lee-Ping and Shukla, Diwakar and Tye, Tony and Houston, Mike and Stich, Timo and Klein, Christoph and Shirts, Michael R. and Pande, Vijay S.},
title = {Openmm 4: A Reusable, Extensible, Hardware Independent Library for High Performance Molecular Simulation},
journal = {J. Chem. Theory Comput.},
volume = {9},
number = {1},
pages = {461-469},
year = {2013},
doi = {10.1021/ct300857j},
URL = { 
        https://doi.org/10.1021/ct300857j
},
eprint = { 
        https://doi.org/10.1021/ct300857j
}
}

@article{Eastman2017,
  doi = {10.1371/journal.pcbi.1005659},
  url = {https://doi.org/10.1371/journal.pcbi.1005659},
  year = {2017},
  month = jul,
  publisher = {Public Library of Science ({PLoS})},
  volume = {13},
  number = {7},
  pages = {e1005659},
  author = {Peter Eastman and Jason Swails and John D. Chodera and Robert T. McGibbon and Yutong Zhao and Kyle A. Beauchamp and Lee-Ping Wang and Andrew C. Simmonett and Matthew P. Harrigan and Chaya D. Stern and Rafal P. Wiewiora and Bernard R. Brooks and Vijay S. Pande},
  editor = {Robert Gentleman},
  title = {{OpenMM} 7: Rapid Development of High Performance Algorithms for Molecular Dynamics},
  journal = {PLOS Comput. Biol.}
}














@article{qvist2004,
title = "Molecular Dynamics Simulations of Water and Biomolecules with a Monte Carlo Constant Pressure Algorithm",
journal = "Chem. Phys. Lett.",
volume = "384",
number = "4",
pages = "288 - 294",
year = "2004",
issn = "0009-2614",
doi = "https://doi.org/10.1016/j.cplett.2003.12.039",
url = "http://www.sciencedirect.com/science/article/pii/S0009261403021687",
author = "Johan \r{A}qvist and Petra Wennerstr{\"o}m and Martin Nervall and Sinisa Bjelic and Bj{\o}rn O. Brandsdal"
}

@article{Sivak2014,
author = {Sivak, David A. and Chodera, John D. and Crooks, Gavin E.},
title = {Time Step Rescaling Recovers Continuous-time Dynamical Properties for Discrete-time Langevin Integration of Nonequilibrium Systems},
journal = {J. Phys. Chem. B},
volume = {118},
number = {24},
pages = {6466-6474},
year = {2014},
doi = {10.1021/jp411770f},
URL = { 
        https://doi.org/10.1021/jp411770f
},
eprint = { 
        https://doi.org/10.1021/jp411770f
}
}

@article{Shirts2007Accurate,
author = {Shirts, Michael R. and Mobley, David L. and Chodera, John D. and Pande, Vijay S.},
title = {Accurate and Efficient Corrections for Missing Dispersion Interactions in Molecular Simulations},
journal = {J. Phys. Chem. B},
volume = {111},
number = {45},
pages = {13052-13063},
year = {2007},
doi = {10.1021/jp0735987},
URL = { 
        https://doi.org/10.1021/jp0735987
},
eprint = { 
        https://doi.org/10.1021/jp0735987
}
}

@article{kirkwood1951statistical,
author = {Kirkwood,John G.  and Buff,Frank P. },
title = {The Statistical Mechanical Theory of Solutions. I},
journal = {J. Chem. Phys.},
volume = {19},
number = {6},
pages = {774-777},
year = {1951},
doi = {10.1063/1.1748352},
URL = { 
        https://doi.org/10.1063/1.1748352
},
eprint = { 
        https://doi.org/10.1063/1.1748352
}
}

@article{Weerasinghe2003,
author = {Weerasinghe,Samantha  and Smith,Paul E. },
title = {A Kirkwood-buff Derived Force Field for Sodium Chloride in Water},
journal = {J. Chem. Phys.},
volume = {119},
number = {21},
pages = {11342-11349},
year = {2003},
doi = {10.1063/1.1622372},
URL = { 
        https://doi.org/10.1063/1.1622372
},
eprint = { 
        https://doi.org/10.1063/1.1622372
}
}

@article {Hess2009,
	author = {Hess, Berk and van der Vegt, Nico F. A.},
	title = {Cation Specific Binding with Protein Surface Charges},
	volume = {106},
	number = {32},
	pages = {13296--13300},
	year = {2009},
	doi = {10.1073/pnas.0902904106},
	publisher = {National Academy of Sciences},
	issn = {0027-8424},
	URL = {https://www.pnas.org/content/106/32/13296},
	eprint = {https://www.pnas.org/content/106/32/13296.full.pdf},
	journal = {Proc. Natl. Acad. Sci.}
}

@article{Milzetti2018,
author = {Milzetti, Jasmin and Nayar, Divya and van der Vegt, Nico F. A.},
title = {Convergence of Kirkwood-Buff Integrals of Ideal and Nonideal Aqueous Solutions Using Molecular Dynamics Simulations},
journal = {J. Phys. Chem. B},
volume = {122},
number = {21},
pages = {5515-5526},
year = {2018},
doi = {10.1021/acs.jpcb.7b11831},
URL = { 
        https://doi.org/10.1021/acs.jpcb.7b11831
},
eprint = { 
        https://doi.org/10.1021/acs.jpcb.7b11831
}
}

@article{Ganguly2013,
author = {Ganguly, Pritam and van der Vegt, Nico F. A.},
title = {Convergence of Sampling Kirkwood-Buff Integrals of Aqueous Solutions with Molecular Dynamics Simulations},
journal = {J. Chem. Theory Comput.},
volume = {9},
number = {3},
pages = {1347-1355},
year = {2013},
doi = {10.1021/ct301017q},
URL = { 
        https://doi.org/10.1021/ct301017q
},
eprint = { 
        https://doi.org/10.1021/ct301017q
}
}

@article{Krger2013,
author = {Kr{\"u}ger, Peter and Schnell, Sondre K. and Bedeaux, Dick and Kjelstrup, Signe and Vlugt, Thijs J. H. and Simon, Jean-Marc},
title = {Kirkwood-Buff Integrals for Finite Volumes},
journal = {J. Phys. Chem. Lett.},
volume = {4},
number = {2},
pages = {235-238},
year = {2013},
doi = {10.1021/jz301992u},
URL = { 
        https://doi.org/10.1021/jz301992u
},
eprint = { 
        https://doi.org/10.1021/jz301992u
}
}

@book{BenNaim1992,
  doi = {10.1007/978-1-4757-1598-9},
  url = {https://doi.org/10.1007/978-1-4757-1598-9},
  year  = {1992},
  publisher = {Plenum: New York},
  author = {Arieh Ben-Naim},
  title = {Statistical Thermodynamics for Chemists and Biochemists}
}

@book{Robinson1959,
Author = {Robinson, R. A. and Stokes, R. H.},
ISBN = {0486422259 },
Publisher = {Dover Publications},
Title = {Electrolyte Solutions},
URL = {http://ludwig.lub.lu.se/login?url=https://search.ebscohost.com/login.aspx?direct=true&db=cat07147a&AN=lub.1673328&site=eds-live&scope=site},
Year = {2002},
}

@article{Tesei2018,
author = {Tesei, Giulio and Aspelin, Vidar and Lund, Mikael},
title = {Specific Cation Effects on SCN$^-$ in Bulk Solution and at the Air-Water Interface},
journal = {J. Phys. Chem. B},
volume = {122},
number = {19},
pages = {5094-5105},
year = {2018},
doi = {10.1021/acs.jpcb.8b02303},
URL = { 
        https://doi.org/10.1021/acs.jpcb.8b02303
},
eprint = { 
        https://doi.org/10.1021/acs.jpcb.8b02303
}
}

@article{Dang1995,
author = {Dang, Liem X.},
title = {Mechanism and Thermodynamics of Ion Selectivity in Aqueous Solutions of 18-Crown-6 Ether: A Molecular Dynamics Study},
journal = {J. Am. Chem. Soc.},
volume = {117},
number = {26},
pages = {6954-6960},
year = {1995},
doi = {10.1021/ja00131a018},
URL = { 
        https://doi.org/10.1021/ja00131a018
},
eprint = { 
        https://doi.org/10.1021/ja00131a018
}
}

@article{hunenberger1999effect,
title = "Effect of Artificial Periodicity in Simulations of Biomolecules under Ewald Boundary Conditions: A Continuum Electrostatics Study",
journal = "Biophys. Chem.",
volume = "78",
number = "1",
pages = "69 - 88",
year = "1999",
issn = "0301-4622",
doi = "https://doi.org/10.1016/S0301-4622(99)00007-1",
url = "http://www.sciencedirect.com/science/article/pii/S0301462299000071",
author = "P.H. H{\"u}nenberger and J.A. McCammon",
keywords = "Continuum electrostatics, Periodic boundary conditions, Ewald summation, Conformational equilibria"
}

@book{harned1958physical,
Author = {Harned, Herbert S. and Owen, Benton B.},
Publisher = {Reinhold},
Series = {Monograph series / American Chemical Society: 137},
Title = {The Physical Chemistry of Electrolytic Solutions},
URL = {http://ludwig.lub.lu.se/login?url=https://search.ebscohost.com/login.aspx?direct=true&db=cat07147a&AN=lub.548535&site=eds-live&scope=site},
Year = {1958},
Page = {161}
}

@article{Mills1973Self,
author = {Mills, R.},
title = {Self-diffusion in Normal and Heavy Water in the Range 1-45.Deg.},
journal = {J. Phys. Chem. - US},
volume = {77},
number = {5},
pages = {685-688},
year = {1973},
doi = {10.1021/j100624a025},
URL = { 
        https://doi.org/10.1021/j100624a025
},
eprint = { 
        https://doi.org/10.1021/j100624a025
}
}

@article{Spoel1998systematic,
author = {van der Spoel,David  and van Maaren,Paul J.  and Berendsen,Herman J. C. },
title = {A Systematic Study of Water Models for Molecular Simulation: Derivation of Water Models Optimized for Use with a Reaction Field},
journal = {J. Chem. Phys.},
volume = {108},
number = {24},
pages = {10220-10230},
year = {1998},
doi = {10.1063/1.476482},
URL = { 
        https://doi.org/10.1063/1.476482
},
eprint = { 
        https://doi.org/10.1063/1.476482
}
}

@article{Pekka2001Structure,
author = {Mark, Pekka and Nilsson, Lennart},
title = {Structure and Dynamics of the TIP3P, SPC, and SPC/E Water Models at 298 K},
journal = {J. Phys. Chem. A},
volume = {105},
number = {43},
pages = {9954-9960},
year = {2001},
doi = {10.1021/jp003020w},
URL = { 
        https://doi.org/10.1021/jp003020w
},
eprint = { 
        https://doi.org/10.1021/jp003020w
}
}

@article{Gee2011,
author = {Gee, Moon Bae and Cox, Nicholas R. and Jiao, Yuanfang and Bentenitis, Nikolaos and Weerasinghe, Samantha and Smith, Paul E.},
title = {A Kirkwood-Buff Derived Force Field for Aqueous Alkali Halides},
journal = {J. Chem. Theory Comput.},
volume = {7},
number = {5},
pages = {1369-1380},
year = {2011},
doi = {10.1021/ct100517z},
URL = { 
        https://doi.org/10.1021/ct100517z
},
eprint = { 
        https://doi.org/10.1021/ct100517z
}
}

@Article{Stenqvist2019shortranged,
author ="Stenqvist, Bj{\"o}rn and Lund, Mikael",
title  ="On Short-ranged Pair-potentials for Long-range Electrostatics",
journal  ="Phys. Chem. Chem. Phys.",
year  ="2019",
volume  ="21",
issue  ="44",
pages  ="24787-24792",
publisher  ="The Royal Society of Chemistry",
doi  ="10.1039/C9CP03875B",
url  ="http://dx.doi.org/10.1039/C9CP03875B"}

@article{Wirnsberger2016,
  doi = {10.1063/1.4953036},
  url = {https://doi.org/10.1063/1.4953036},
  year = {2016},
  month = jun,
  publisher = {{AIP} Publishing},
  volume = {144},
  number = {22},
  pages = {224102},
  author = {P. Wirnsberger and D. Fijan and A. {\v{S}}ari{\'{c}} and M. Neumann and C. Dellago and D. Frenkel},
  title = {Non-equilibrium Simulations of Thermally Induced Electric Fields in Water},
  journal = {J. Chem. Phys.}
}

@book{abramowitz1965handbook,
Author = {Abramowitz, M. and Stegun, I.A.},
ISBN = {9780486158242},
Publisher = {US Department of Commerce},
Title = {Handbook of Mathematical Functions with Formulas, Graphs, and Mathematical Tables},
URL = {http://ludwig.lub.lu.se/login?url=https://search.ebscohost.com/login.aspx?direct=true&db=cat02271a&AN=atoz.ebs203537e&site=eds-live&scope=site},
Year = {1965},
}

@software{CoulombGalore,
  author       = {Björn Stenqvist and Mikael Lund},
  title        = {{Coulombgalore - A Library for Electrostatic Interactions}},
  month        = oct,
  year         = 2019,
  publisher    = {Zenodo},
  version      = {v1.2},
  doi          = {10.5281/zenodo.3522317},
  url          = {https://doi.org/10.5281/zenodo.3522317},
  Note={This is a C++ library for calculating the potential, field, forces, and interactions from and between electric multipoles. Focus is on approximate truncation schemes that offer fast alternatives to lattice sums such as Ewald summation. All implemented methods are unit tested.}
}

@book{Zaytsev1992,
  Author = {Ivan D. Zaytsev and Georgiy G. Aseyev},
  Title = {Properties of Aqueous Solutions of Electrolytes},
  Publisher = {CRC Press},
  Year = {1992},
  Pages = {1724--1727},
  ISBN = {0849393140}
}

@article{Lalibert2004,
author = {Laliberté, Marc and Cooper, W. Edward},
title = {Model for Calculating the Density of Aqueous Electrolyte Solutions},
journal = {J. Chem. Eng. Data},
volume = {49},
number = {5},
pages = {1141-1151},
year = {2004},
doi = {10.1021/je0498659},
URL = { 
        https://doi.org/10.1021/je0498659
},
eprint = { 
        https://doi.org/10.1021/je0498659
}
}






@article{el2003explicit,
title = "Explicit Inverse of a Generalized Vandermonde Matrix",
journal = "Appl. Math. Comput.",
volume = "146",
number = "2",
pages = "643 - 651",
year = "2003",
issn = "0096-3003",
doi = "https://doi.org/10.1016/S0096-3003(02)00609-4",
url = "http://www.sciencedirect.com/science/article/pii/S0096300302006094",
author = "Moawwad E.A. El-Mikkawy",
keywords = "Algorithms, Vandermonde matrix, Stirling matrix, Symmetric functions, MAPLE",
abstract = "In this paper the author gives an explicit closed form expression for the n×n inverse matrix (VG(k)(n))−1 of the generalized n×n Vandermonde matrix VG(k)(n) by using the elementary symmetric functions. Symbolic and numerical results are presented."
}

@article{neumann1986computer,
author = { Martin   Neumann },
title = {Computer Simulation and the Dielectric Constant at Finite Wavelength},
journal = {Mol. Phys.},
volume = {57},
number = {1},
pages = {97-121},
year  = {1986},
publisher = {Taylor & Francis},
doi = {10.1080/00268978600100081},
URL = { 
        https://doi.org/10.1080/00268978600100081
},
eprint = { 
        https://doi.org/10.1080/00268978600100081
}
}

@article{Tazi_2012,
	doi = {10.1088/0953-8984/24/28/284117},
	url = {https://doi.org/10.1088%2F0953-8984%2F24%2F28%2F284117},
	year = 2012,
	month = {jun},
	publisher = {{IOP} Publishing},
	volume = {24},
	number = {28},
	pages = {284117},
	author = {Sami Tazi and Alexandru Bo{\c{t}}an and Mathieu Salanne and Virginie Marry and Pierre Turq and Benjamin Rotenberg},
	title = {Diffusion Coefficient and Shear Viscosity of Rigid Water Models},
	journal = {J. Phys. - Condens. Mat.},
	abstract = {We report the diffusion coefficient and viscosity of popular rigid water models: two non-polarizable ones (SPC/E with three sites, and TIP4P/2005 with four sites) and a polarizable one (Dang–Chang, four sites). We exploit the dependence of the diffusion coefficient on the system size (Yeh and Hummer 2004 J. Phys. Chem. B 108 15873)  to obtain the size-independent value. This also provides an estimate of the viscosity of all water models, which we compare to the Green–Kubo result. In all cases, a good agreement is found. The TIP4P/2005 model is in better agreement with the experimental data for both diffusion and viscosity. The SPC/E and Dang–Chang models overestimate the diffusion coefficient and underestimate the viscosity.}
}
