@inproceedings{LAUN-2008,
  title={Powering Space Exploration: US Space nuclear power, public perceptions, and outer planetary probes},
  author={Launius, Roger},
  booktitle={6th International Energy Conversion Engineering Conference (IECEC)},
  pages={5638},
  year={2008}
}

@article{PONYA-2017,
title = {{Core optimisation issues of MOX Fueled ALLEGRO reactor}},
journal = "Annals of Nuclear Energy",
volume = "108",
pages = "188 - 197",
year = "2017",
issn = "0306-4549",
doi = "https://doi.org/10.1016/j.anucene.2017.05.001",
url = "http://www.sciencedirect.com/science/article/pii/S0306454917301226",
author = "P. Ponya and Sz. Czifrus"
}
 
@article{CRUZ-2006,
  title={Neutronic benchmark on the 2400 MW gas-cooled fast reactor design},
  author={Da Cruz, DF and Hogenbirk, A and Bosq, JC and Rimpault, G and Prulhiere, G and Morris, P and Pelloni, S},
  journal={in Proc. of PHYSOR-2006},
  year={2006}
}


@misc{WN-2019,
  title = {Nuclear Reactors and Radioisotopes for Space},
  Author = {{WNA}},
  howpublished = {\url{https://www.world-nuclear.org/information-library/non-power-nuclear-applications/transport/nuclear-reactors-for-space.aspx}},
  note = {Accessed: 2020-01-03},
  Year = 2020
}
  
@techreport{POLAN-1995, 
Title = {A preliminary investigation of the Topaz II reactor as a lunar surface power supply},
Author = {Polansky, G.F. and Houts, M.G.},
Year = {1995},
Institution = {Sandia National Laboratory}
}

@techreport{BRIGGS-2018, 
Title = {{Electrically Heated Testing of the Kilowatt Reactor Using Stirling TechnologY (KRUSTY) Experiment Using a Depleted Uranium Core}},
Author = {Briggs, M.H. and Gibson, M.A. and Sanzi, J.L.},
Year = {2018},
Institution = {National Aeronautics and Space Administration},
note = {NASA/TM- 018-219702}
}

@techreport{POST-2000, 
Title = {{The Heatpipe-Operated Mars Exploration Reactor (HOMER)}},
Author = {Poston, D.I.},
Year = {2000},
Institution = {Los Alamos Natl. Lab.},
note = {LA-UR-00-5269}
}  
  
@article{KHAND-2020,
title = "Conceptual core design study for Indonesian Space Reactor (ISR)",
journal = "Progress in Nuclear Energy",
volume = "118",
pages = "103109",
year = "2020",
issn = "0149-1970",
doi = "https://doi.org/10.1016/j.pnucene.2019.103109",
url = "http://www.sciencedirect.com/science/article/pii/S0149197019302100",
author = "Muhammad Farid Khandaq and Andang Widi Harto and Alexander Agung"
}

@article{PEAK-2018,
title = "Advanced micro-reactor concepts",
journal = "Progress in Nuclear Energy",
volume = "107",
pages = "61 - 70",
year = "2018",
author = "Aiden Peakman and Zara Hodgson and Bruno Merk"
}

@techreport{PETTI-2007,
author =  {D. A. Petti},
title = {{Detailed PIRT Submittal by the INEEL Panel Member Appendix H.1}},
institution =  {NRC},
year = 2007}

@techreport{PETTI-2005,
author = {D. A. Petti and J. Maki},
title = {{The Challenges Associated with High Burnup and High Temperature for UO2 TRISO Coated Particle Fuel}},
institution = {INL},
year = 2005}

@incollection{PETTI-2012,
address = {Waltham},
author = {Petti, D.A. and others},
booktitle = {Comprehensive Nuclear Materials},
chapter = {3.07},
editor = {Konings, R.J.M. and Allen, T.R. and Stoller, R.E. and Yamanaka, Shinsuke},
pages = {151--213},
publisher = {Elsevier Ltd.},
title = {{TRISO-Coated Particle Fuel Performance}},
year = {2012}
}

@incollection{VERF-2012,
address = {Waltham},
author = {Verfondern, K.},
booktitle = {Comprehensive Nuclear Materials},
chapter = {3.24},
editor = {Konings, R.J.M. and Allen, T.R. and Stoller, R.E. and Yamanaka, Shinsuke},
pages = {755--788},
publisher = {Elsevier Ltd.},
title = {{TRISO Fuel Performance Modeling and Simulation}},
year = {2012}
}

@article{GANG-1993,
  title={Sol-gel microsphere pelletization: A powder-free advanced process for fabrication of ceramic nuclear fuel pellets},
  author={Ganguly, C},
  journal={Bulletin of Materials Science},
  volume={16},
  number={6},
  pages={509--522},
  year={1993},
  publisher={Springer}
}

@article{GENK-2004,
  title={{SAIRS -- Scalable Amtec Integrated Reactor space power System}},
  author={El-Genk, Mohamed S and Tournier, Jean-Michel P},
  journal={Progress in Nuclear Energy},
  volume={45},
  number={1},
  pages={25--69},
  year={2004},
  publisher={Elsevier}
}

@article{LEE-2015,
  title={A neutronic feasibility study on a small LEU fueled reactor for space applications},
  author={Lee, Hyun Chul and Lim, Hong Sik and Han, Tae Young and {\v{C}}erba, {\v{S}}tefan},
  journal={Annals of Nuclear Energy},
  volume={77},
  pages={35--46},
  year={2015},
  publisher={Elsevier}
}

@article{NAM-2016,
  title={Preliminary conceptual design of a new moderated reactor utilizing an LEU fuel for space nuclear thermal propulsion},
  author={Nam, Seung Hyun and Venneri, Paolo and Kim, YongHee and Chang, Soon Heung and Jeong, Yong Hoon},
  journal={Progress in Nuclear Energy},
  volume={91},
  pages={183--207},
  year={2016},
  publisher={Elsevier}
}

@article{LED-1996,
  title={Preparation of transuranium fuel and target materials for the transmutation of actinides by gel coconversion},
  author={Ledergerber, Guido and Ingold, Franz and Stratton, Richard W and Alder, Hans-Peter and Prunier, Claude and Warin, Dominique and Bauer, Mireille},
  journal={Nuclear Technology},
  volume={114},
  number={2},
  pages={194--204},
  year={1996},
  publisher={Taylor \& Francis}
}

@incollection{GUER-2012,
address = {Waltham},
author = {Guerin, Y},
booktitle = {Comprehensive Nuclear Materials},
chapter = {2.21},
editor = {Konings, R.J.M. and Allen, T.R. and Stoller, R.E. and Yamanaka, Shinsuke},
pages = {547--578},
publisher = {Elsevier Ltd.},
title = {{Fuel Performance of Fast Spectrum Oxide Fuel}},
year = {2012}
}

@article{LED-1992,
  title={Preparation of uranium nitride in the form of microspheres},
  author={Ledergerber, G and Kopajtic, Z and Ingold, F and Stratton, RW},
  journal={Journal of nuclear materials},
  volume={188},
  pages={28--35},
  year={1992},
  publisher={Elsevier}
}

@techreport{HOW-1978,
author = {Howard, R. and Price, M. and Shepherd, E.L.},
title = {Summary and Evaluation of the Achievements of the Dragon Project and its Contribution to the Development of the High Temperature Reactor},
institution = {{UKAEA}},
year = 1978}

@techreport{IRSN-2015,
author = {{IRSN}},
title = {Review of Generation IV Nuclear Energy Systems},
institution = {IRSN},
year = 2015}

@incollection{SAWA-2012,
address = {Waltham},
author = {Sawa, K.},
booktitle = {Comprehensive Nuclear Materials},
chapter = {3.06},
editor = {Konings, R.J.M. and Allen, T.R. and Stoller, R.E. and Yamanaka, Shinsuke},
pages = {143--149},
publisher = {Elsevier Ltd.},
title = {{TRISO Fuel Production}},
year = {2012}
}

@incollection{BEN-2002,
author = {G. L. Bennett},
title = {Space Nuclear Power}, 
booktitle = {Encyclopaedia of Physical Science and Technology}, 
edition = {3},
pages  = {537-- 553},
publisher =  {Academic Press}, 
address = {New York}, 
year = 2002}

@techreport{SIM-2002,
author = {R. A. Simon and P. D. Capp},
title = {Operating experience with the dragon high temperature reactor experiment},
institution = {IAEA},
year = 2002}

@techreport{KIN-2003,
author =  {K. I. Kingrey},
title = {Fuel Summary for Peach Bottom Unit 1 High- Temperature Gas-Cooled Reactor Cores 1 and 2}, 
institution = {INEEL},
year = 2003}

@article{GULD-1977,
author = {T. D. Gulden and others},
title = {Coated Particle Fuels}, 
journal = {Nuclear Technology},
volume = {35},
year = 1977}


@inproceedings{REF01,
	Author = {T. Tinsley and others},
	Address = {Paris, France},
	Booktitle = {GLOBAL 2015},
	Title = {DEMOCRITOS: Preparing demonstrators for high power nuclear electric space propulsion},
	Year = 2015}

@techreport{REF02,
    Author = {{European Science Foundation}},
    Title = {Megawatt highly efficient technologies for space power and propulsion systems for long-duration exploration missions - project final report},
	Institution = {{European Science Foundation}},
	Year = 2014}
	
@article{REF03,
	Author = {S. Demuth},
	Journal = {Progress in Nuclear Energy},
	Pages = {323--359},
	Title = {SP100 Space Reactor Design},
	Volume = 42,
	Year = 2003}
	
@techreport{REF04,
    Author = {{NASA}},
    Title = {Prometheus Project - final report},
	Institution = {{NASA}},
	Year = 2005}

@inproceedings{REF05,
	Author = {D. Brandon and J. Sapir},
	Address = {Saratoga Springs, New York, USA},
	Booktitle = {ANS Topical Meeting on Reactor Physics and Safety},
	Title = {Criticality-safety analyses of compacted and water-flooded SP-100 reactors},
	Year = 1986}

@inproceedings{REF06,
	Author = {J. Powell and T. Botts},
	Address = {Alburuerque, USA},
	Booktitle = {1st Symposium on Space Nuclear Power Systems},
	Title = {SNUG: A compact particle bed reactor for the 400 to 4000 kWt power range},
	Year = 1984}

@inproceedings{REF07,
	Author = {B. Pierce},
	Address = {Alburuerque, USA},
	Booktitle = {1st Symposium on Space Nuclear Power Systems},
	Title = {Gas cooled reactor concepts for space application},
	Year = 1984}

@inproceedings{REF08,
	Author = {T. Botts and others},
	Address = {Alburuerque, USA},
	Booktitle = {1st Symposium on Space Nuclear Power Systems},
	Title = {A bi-model reactor for high and low space power},
	Year = 1984}
	
@inproceedings{REF09,
	Author = {F. Carre and others},
	Address = {Alburuerque, USA},
	Booktitle = {4th Symposium on Space Nuclear Power Systems},
	Title = {Status of CEA Design and Simulation studies of a 200 kWe turboelectric space power system},
	Year = 1987}
	
@article{REF10,
	Author = {J. Delaplace},
	Journal = {Acta Astonautica},
	Pages = {941-944},
	Title = {Space electronuclear generators studies in France},
	Volume = 15,
	Year = 1987}
	
@inproceedings{REF11,
	Author = {X. Raepsaet and S. Pascal},
	Address = {Nice, France},
	Booktitle = {ICAPP 2007},
	Title = {Neutronic and mechanical design of the reactor core of the OPUS system},
	Year = 2007}	
	
@techreport{IAEA-2010,
    Author = {{IAEA}},
    Title = {High Temperature Gas Cooled Reactor Fuels and Materials },
	Institution = {{IAEA}},
	note = {IAEA-TECDOC-1645},
	Year = 2010}

@inproceedings{REF12,
	Author = {A. Lokhov},
	Address = {Atlanta, USA},
	Booktitle = {Nuclear and emerging technologies for space 2009},
	Title = {Advances in design and modeling of the reactor core of OPUS},
	Year = 2009}
	
@misc{REF13,
  title = {Russia advances development of nuclear powered spacecraft},
  Author = {OSNET},
  howpublished = {\url{http://osnetdaily.com/2014/01/russia-advances-development-of-nuclear-powered-spacecraft}},
  note = {Accessed: 2016-03-31},
  Year = 2014}

@inproceedings{REF14,
	Author = {G. Rimpault and M. Grimstone},
	Address = {Seoul, South Korea},
	Booktitle = {PHYSOR 2002},
	Title = {The ERANOS code and data system for fast reactor neutronic analyses},
	Year = 2002}

@techreport{REF15,
    Author = {{NEA}},
    Title = {The JEF-2.2 Nuclear Data Library},
	Institution = {{OECD NEA}},
	Year = 2000}
	
@phdthesis{REF16,
  author       = {J. Leppanen}, 
  title        = {Development of a new monte carlo reactor physics code},
  school       = {Helsinki University of Technology},
  year         = 2007,
  address      = {Helsinki, Finland}}

@book{REF17,
  author    = {F. Incropera and D. DeWitt}, 
  title     = {Introduction to heat transfer},
  publisher = {John Wiley and Sons},
  year      = 1990}

@book{CARS-1959,
  author    = {H. S. Carslaw}, 
  title     = {Conduction of heat in solids, second edition},
  publisher = {Oxford University Press},
  year      = 1959}

@techreport{REF18,
    Author = {E. Fichoux},
    Title = {Presentation et utilisation de Cast3M},
	Institution = {{CEA}},
	Year = 2011}

@inproceedings{REF19,
	Author = {M. El-Genk and J. Tournier},
	Address = {San Diego, California},
	Booktitle = {4th International Energy Conversion Engineering conference and exhibit},
	Title = {Selection of noble gas binary mixtures for Brayton space nuclear power systems},
	Year = 2006}
	
@techreport{REF20,
    Author = {R. Reid and others},
    Title = {Heat transfer and pressure drop in concentric annular flows of binary inert gas mixtures},
	Institution = {{NASA}},
	Year = 2007}

@article{REF21,
	Author = {R. Stainsby and others},
	Journal = {Journal of engineering for gas turbines and power},
	Title = {Development of local heat ransfer models for the safety assessment of high temperature gas-cooled reactor cores - part II: Prismatic Modular Reactors},
	Volume = 132,
	Year = 2009}

@inproceedings{REF22,
	Author = {S. Pascal},
	Address = {Paris, France},
	Booktitle = {4th European Conference on computational mechanics},
	Title = {Coupled 1D thermohydraulic - 3D thermomechanical study of a space nuclear reactor},
	Year = 2010}

@techreport{REF23,
    Author = {{CEA}},
    Title = {Gas-cooled nuclear reactors},
	Institution = {{CEA}},
	Year = 2006}

@techreport{REF24,
    Author = {{IAEA}},
    Title = {Thermophysical properties of materials for nuclear engineering: a tutorial and collection of data},
	Institution = {{IAEA}},
	Year = 2008}

@article{REF25,
	Author = {M. El-Genk and J. Tournier},
	Journal = {Journal of nuclear materials},
	Title = {A review of refractory metal alloys and mechanically alloyed-oxide dispersion strengthened steels for space nuclear power systems},
	Pages = {93--112},	
	Volume = 340,
	Year = 2005}

@techreport{REF26,
    Author = {{P. Johnson}},
    Title = {A method for calculating viscosity and thermal conductivity of a helium-xenon gas mixture},
	Institution = {{NASA}},
	Year = 2006}

@article{REF27,
	Author = {M. El-Genk and J. Tournier},
	Journal = {Nuclear engineering and design},
	Title = {Noble gas binary mixtures for gas-cooled reactor power plants},
	Pages = {1353--1372},	
	Volume = 238,
	Year = 2008}
	
@inproceedings{REF28,
	Author = {C. Cox},
	Address = {Alburuerque, USA},
	Booktitle = {1st Symposium on Space Nuclear Power Systems},
	Title = {Fuel systems for compact fast space reactors},
	Year = 1984}

@techreport{REF29,
    Author = {{S. Mohantv}},
    Title = {HTGR graphite core component stress analysis research program - task 1 technical letter report},
	Institution = {{Argonne National Laboratory}},
	Year = 2011
	}
	
@techreport{MEGA-2014,
    Author = {{Foundation Europeenne de la science}},
    Title = {Final Report Summary: MEGAHIT (Megawatt Highly Efficient Technologies for Space Power and Propulsion Systems for Long-duration Exploration Missions},
	Institution = {{Foundation Europeenne de la science}},
	Year = 2015
	}

@inproceedings{NOCA-2002,
	Author = {Noca, M. and Polk, J.E.},
	Address = {Versailles, France},
	Booktitle = {AAF 6th International Symposium on Propulsion for Space Transportation of the XXXIst Century},
	Title = {{Ion thruster and LFAs for outer planet exploration}},
	Year = 2002}

@techreport{NASA-2004,
    Author = {{NASA}},
    Title = {Ion Propulsion},
	Institution = {{NASA}},
	note = {FS-2004-11-021-GRC},
	Year = 2004
	}

@unpublished{CLIQ-2011,
title= {{Preliminary study of a 100 kWe space reactor concept for exploration missions}},
author = {Cliquet, E. and others},
year = {2011},
note= {Nuclear and Emerging Technologies for Space}
}

@inproceedings{RAY-2012,
  title={Assessment of different materials for meeting the requirement of future fuel designs},
  author={Ray, S and Lahoda, E and Franceschini, F},
  booktitle={2012 Reactor Fuel Performance Meeting},
  volume={115},
  year={2012}
}

@misc{SERP-2020,
  title = {{2D VVER-440 fuel assembly geometry}},
  Author = {{SERPENT}},
  howpublished = {\url{http://serpent.vtt.fi/mediawiki/index.php/2D_VVER-440_fuel_assembly_geometry}},
  note = {Accessed: 2020-01-31},
  Year = 2020
}
  
@inproceedings{SCIO-2011,
  title={{Low void effect core design applied on 2400 MWth SFR reactor}},
  author={Sciora, Pierre and Blanchet, David and Buiron, Laurent and Fontaine, Bruno and Vanier, Marc and Varaine, Fr{\'e}d{\'e}ric and Venard, Christophe and Massara, Simone and Scholer, Anne-Claire and Verrier, Denis},
  booktitle={International Congress on Advances in Nuclear Power Plants (ICAPP)},
  volume={595},
  year={2011}
}

@techreport{IAEA-2019,
Author = {{IAEA}},
title = {Waste from innovative types of reactors and fuel cycles: a preliminary study},
Organization = {{IAEA}},
Note = {NW-T-1.7},
Year = {2019}
}

	