@inproceedings{van2016conditional,
  title={Conditional image generation with pixelcnn decoders},
  author={Van den Oord, Aaron and Kalchbrenner, Nal and Espeholt, Lasse and Vinyals, Oriol and Graves, Alex and others},
  booktitle={Advances in neural information processing systems},
  pages={4790--4798},
  year={2016}
}

@inproceedings{pixelcnnpp,
  author    = {Tim Salimans and
               Andrej Karpathy and
               Xi Chen and
               Diederik P. Kingma},
  title     = {PixelCNN++: Improving the PixelCNN with Discretized Logistic Mixture
               Likelihood and Other Modifications},
  booktitle = {5th International Conference on Learning Representations, {ICLR} 2017,
               Toulon, France, April 24-26, 2017, Conference Track Proceedings},
  year      = {2017},
  crossref  = {DBLP:conf/iclr/2017},
  url       = {https://openreview.net/forum?id=BJrFC6ceg},
  timestamp = {Thu, 25 Jul 2019 14:25:50 +0200},
  biburl    = {https://dblp.org/rec/bib/conf/iclr/SalimansK0K17},
  bibsource = {dblp computer science bibliography, https://dblp.org}
}

@inproceedings{chen2018pixelsnail,
  title={PixelSNAIL: An Improved Autoregressive Generative Model},
  author={Chen, XI and Mishra, Nikhil and Rohaninejad, Mostafa and Abbeel, Pieter},
  booktitle={International Conference on Machine Learning},
  pages={864--872},
  year={2018}
}

@inproceedings{vlae,
  author    = {Xi Chen and
               Diederik P. Kingma and
               Tim Salimans and
               Yan Duan and
               Prafulla Dhariwal and
               John Schulman and
               Ilya Sutskever and
               Pieter Abbeel},
  title     = {Variational Lossy Autoencoder},
  booktitle = {5th International Conference on Learning Representations, {ICLR} 2017,
               Toulon, France, April 24-26, 2017, Conference Track Proceedings},
  year      = {2017},
  crossref  = {DBLP:conf/iclr/2017},
  url       = {https://openreview.net/forum?id=BysvGP5ee},
  timestamp = {Thu, 25 Jul 2019 14:25:55 +0200},
  biburl    = {https://dblp.org/rec/bib/conf/iclr/0022KSDDSSA17},
  bibsource = {dblp computer science bibliography, https://dblp.org}
}

@inproceedings{ho2019flow++,
  title={Flow++: Improving Flow-Based Generative Models with Variational Dequantization and Architecture Design},
  author={Ho, Jonathan and Chen, Xi and Srinivas, Aravind and Duan, Yan and Abbeel, Pieter},
  booktitle={International Conference on Machine Learning},
  pages={2722--2730},
  year={2019}
}

@inproceedings{kingma2018glow,
  title={Glow: Generative flow with invertible 1x1 convolutions},
  author={Kingma, Durk P and Dhariwal, Prafulla},
  booktitle={Advances in Neural Information Processing Systems},
  pages={10215--10224},
  year={2018}
}

@inproceedings{realnvp,
  author    = {Laurent Dinh and
               Jascha Sohl{-}Dickstein and
               Samy Bengio},
  title     = {Density estimation using Real {NVP}},
  booktitle = {5th International Conference on Learning Representations, {ICLR} 2017,
               Toulon, France, April 24-26, 2017, Conference Track Proceedings},
  year      = {2017},
  crossref  = {DBLP:conf/iclr/2017},
  url       = {https://openreview.net/forum?id=HkpbnH9lx},
  timestamp = {Thu, 25 Jul 2019 14:25:58 +0200},
  biburl    = {https://dblp.org/rec/bib/conf/iclr/DinhSB17},
  bibsource = {dblp computer science bibliography, https://dblp.org}
}

@inproceedings{nice,
  author    = {Laurent Dinh and
               David Krueger and
               Yoshua Bengio},
  title     = {{NICE:} Non-linear Independent Components Estimation},
  booktitle = {3rd International Conference on Learning Representations, {ICLR} 2015,
               San Diego, CA, USA, May 7-9, 2015, Workshop Track Proceedings},
  year      = {2015},
  crossref  = {DBLP:conf/iclr/2015w},
  url       = {http://arxiv.org/abs/1410.8516},
  timestamp = {Wed, 17 Jul 2019 10:40:54 +0200},
  biburl    = {https://dblp.org/rec/bib/journals/corr/DinhKB14},
  bibsource = {dblp computer science bibliography, https://dblp.org}
}

@inproceedings{song2019mintnet,
  title={MintNet: Building invertible neural networks with masked convolutions},
  author={Song, Yang and Meng, Chenlin and Ermon, Stefano},
  booktitle={Advances in Neural Information Processing Systems},
  pages={11002--11012},
  year={2019}
}

@inproceedings{ffjord,
  author    = {Will Grathwohl and
               Ricky T. Q. Chen and
               Jesse Bettencourt and
               Ilya Sutskever and
               David Duvenaud},
  title     = {{FFJORD:} Free-Form Continuous Dynamics for Scalable Reversible Generative
               Models},
  booktitle = {7th International Conference on Learning Representations, {ICLR} 2019,
               New Orleans, LA, USA, May 6-9, 2019},
  year      = {2019},
  crossref  = {DBLP:conf/iclr/2019},
  url       = {https://openreview.net/forum?id=rJxgknCcK7},
  timestamp = {Thu, 25 Jul 2019 13:03:15 +0200},
  biburl    = {https://dblp.org/rec/bib/conf/iclr/GrathwohlCBSD19},
  bibsource = {dblp computer science bibliography, https://dblp.org}
}

@inproceedings{kingma2016improved,
  title={Improved variational inference with inverse autoregressive flow},
  author={Kingma, Durk P and Salimans, Tim and Jozefowicz, Rafal and Chen, Xi and Sutskever, Ilya and Welling, Max},
  booktitle={Advances in neural information processing systems},
  pages={4743--4751},
  year={2016}
}

@article{chrabaszcz2017downsampled,
  title={A downsampled variant of imagenet as an alternative to the cifar datasets},
  author={Chrabaszcz, Patryk and Loshchilov, Ilya and Hutter, Frank},
  journal={arXiv preprint arXiv:1707.08819},
  year={2017}
}

@inproceedings{liu2015deep,
  title={Deep learning face attributes in the wild},
  author={Liu, Ziwei and Luo, Ping and Wang, Xiaogang and Tang, Xiaoou},
  booktitle={Proceedings of the IEEE international conference on computer vision},
  pages={3730--3738},
  year={2015}
}

@inproceedings{wae,
  author    = {Ilya O. Tolstikhin and
               Olivier Bousquet and
               Sylvain Gelly and
               Bernhard Sch{\"{o}}lkopf},
  title     = {Wasserstein Auto-Encoders},
  booktitle = {6th International Conference on Learning Representations, {ICLR} 2018,
               Vancouver, BC, Canada, April 30 - May 3, 2018, Conference Track Proceedings},
  year      = {2018},
  crossref  = {DBLP:conf/iclr/2018},
  url       = {https://openreview.net/forum?id=HkL7n1-0b},
  timestamp = {Thu, 04 Apr 2019 13:20:09 +0200},
  biburl    = {https://dblp.org/rec/bib/conf/iclr/TolstikhinBGS18},
  bibsource = {dblp computer science bibliography, https://dblp.org}
}

@inproceedings{tsvae,
  author    = {Bin Dai and
               David P. Wipf},
  title     = {Diagnosing and Enhancing {VAE} Models},
  booktitle = {7th International Conference on Learning Representations, {ICLR} 2019,
               New Orleans, LA, USA, May 6-9, 2019},
  year      = {2019},
  crossref  = {DBLP:conf/iclr/2019},
  url       = {https://openreview.net/forum?id=B1e0X3C9tQ},
  timestamp = {Thu, 25 Jul 2019 14:25:55 +0200},
  biburl    = {https://dblp.org/rec/bib/conf/iclr/DaiW19},
  bibsource = {dblp computer science bibliography, https://dblp.org}
}

@article{ghosh2019variational,
  title={From variational to deterministic autoencoders},
  author={Ghosh, Partha and Sajjadi, Mehdi SM and Vergari, Antonio and Black, Michael and Sch{\"o}lkopf, Bernhard},
  journal={arXiv preprint arXiv:1903.12436},
  year={2019}
}

@article{krizhevsky2009learning,
  title={Learning multiple layers of features from tiny images},
  author={Krizhevsky, Alex and others},
  year={2009},
  publisher={Citeseer}
}


@article{lecun1998mnist,
  title={Gradient-based learning applied to document recognition},
  author={LeCun, Yann and Bottou, L{\'e}on and Bengio, Yoshua and Haffner, Patrick},
  journal={Proceedings of the IEEE},
  volume={86},
  number={11},
  pages={2278--2324},
  year={1998},
  publisher={Ieee}
}

@article{lake2015human,
  title={Human-level concept learning through probabilistic program induction},
  author={Lake, Brenden M and Salakhutdinov, Ruslan and Tenenbaum, Joshua B},
  journal={Science},
  volume={350},
  number={6266},
  pages={1332--1338},
  year={2015},
  publisher={American Association for the Advancement of Science}
}

@inproceedings{razavi2019generating,
  title={Generating diverse high-fidelity images with vq-vae-2},
  author={Razavi, Ali and van den Oord, Aaron and Vinyals, Oriol},
  booktitle={Advances in Neural Information Processing Systems},
  pages={14837--14847},
  year={2019}
}

@inproceedings{salimans2016improved,
  title={Improved techniques for training gans},
  author={Salimans, Tim and Goodfellow, Ian and Zaremba, Wojciech and Cheung, Vicki and Radford, Alec and Chen, Xi},
  booktitle={Advances in neural information processing systems},
  pages={2234--2242},
  year={2016}
}

@inproceedings{wgan,
  author    = {Mart{\'{\i}}n Arjovsky and
               L{\'{e}}on Bottou},
  title     = {Towards Principled Methods for Training Generative Adversarial Networks},
  booktitle = {5th International Conference on Learning Representations, {ICLR} 2017,
               Toulon, France, April 24-26, 2017, Conference Track Proceedings},
  year      = {2017},
  crossref  = {DBLP:conf/iclr/2017},
  url       = {https://openreview.net/forum?id=Hk4\_qw5xe},
  timestamp = {Thu, 04 Apr 2019 13:20:07 +0200},
  biburl    = {https://dblp.org/rec/bib/conf/iclr/ArjovskyB17},
  bibsource = {dblp computer science bibliography, https://dblp.org}
}

@inproceedings{vae,
  author    = {Diederik P. Kingma and
               Max Welling},
  title     = {Auto-Encoding Variational Bayes},
  booktitle = {2nd International Conference on Learning Representations, {ICLR} 2014,
               Banff, AB, Canada, April 14-16, 2014, Conference Track Proceedings},
  year      = {2014},
  crossref  = {DBLP:conf/iclr/2014},
  url       = {http://arxiv.org/abs/1312.6114},
  timestamp = {Thu, 04 Apr 2019 13:20:07 +0200},
  biburl    = {https://dblp.org/rec/bib/journals/corr/KingmaW13},
  bibsource = {dblp computer science bibliography, https://dblp.org}
}

@article{gulrajani2016pixelvae,
  title={Pixelvae: A latent variable model for natural images},
  author={Gulrajani, Ishaan and Kumar, Kundan and Ahmed, Faruk and Taiga, Adrien Ali and Visin, Francesco and Vazquez, David and Courville, Aaron},
  journal={arXiv preprint arXiv:1611.05013},
  year={2016}
}

@inproceedings{gregor2016towards,
  title={Towards conceptual compression},
  author={Gregor, Karol and Besse, Frederic and Rezende, Danilo Jimenez and Danihelka, Ivo and Wierstra, Daan},
  booktitle={Advances In Neural Information Processing Systems},
  pages={3549--3557},
  year={2016}
}

@inproceedings{johnson2016perceptual,
  title={Perceptual losses for real-time style transfer and super-resolution},
  author={Johnson, Justin and Alahi, Alexandre and Fei-Fei, Li},
  booktitle={European conference on computer vision},
  pages={694--711},
  year={2016},
  organization={Springer}
}

@inproceedings{karras2019style,
  title={A style-based generator architecture for generative adversarial networks},
  author={Karras, Tero and Laine, Samuli and Aila, Timo},
  booktitle={Proceedings of the IEEE Conference on Computer Vision and Pattern Recognition},
  pages={4401--4410},
  year={2019}
}

@inproceedings{goodfellow2014generative,
  title={Generative adversarial nets},
  author={Goodfellow, Ian and Pouget-Abadie, Jean and Mirza, Mehdi and Xu, Bing and Warde-Farley, David and Ozair, Sherjil and Courville, Aaron and Bengio, Yoshua},
  booktitle={Advances in neural information processing systems},
  pages={2672--2680},
  year={2014}
}

@inproceedings{bengio2013generalized,
  title={Generalized denoising auto-encoders as generative models},
  author={Bengio, Yoshua and Yao, Li and Alain, Guillaume and Vincent, Pascal},
  booktitle={Advances in neural information processing systems},
  pages={899--907},
  year={2013}
}

@article{alemi2016deep,
  title={Deep variational information bottleneck},
  author={Alemi, Alexander A and Fischer, Ian and Dillon, Joshua V and Murphy, Kevin},
  journal={arXiv preprint arXiv:1612.00410},
  year={2016}
}

@inproceedings{grover2019uncertainty,
  title={Uncertainty Autoencoders: Learning Compressed Representations via Variational Information Maximization},
  author={Grover, Aditya and Ermon, Stefano},
  booktitle={The 22nd International Conference on Artificial Intelligence and Statistics},
  pages={2514--2524},
  year={2019}
}

@inproceedings{li2018visualizing,
  title={Visualizing the loss landscape of neural nets},
  author={Li, Hao and Xu, Zheng and Taylor, Gavin and Studer, Christoph and Goldstein, Tom},
  booktitle={Advances in Neural Information Processing Systems},
  pages={6389--6399},
  year={2018}
}

@inproceedings{huang2017densely,
  title={Densely connected convolutional networks},
  author={Huang, Gao and Liu, Zhuang and Van Der Maaten, Laurens and Weinberger, Kilian Q},
  booktitle={Proceedings of the IEEE conference on computer vision and pattern recognition},
  pages={4700--4708},
  year={2017}
}

@inproceedings{he2016deep,
  title={Deep residual learning for image recognition},
  author={He, Kaiming and Zhang, Xiangyu and Ren, Shaoqing and Sun, Jian},
  booktitle={Proceedings of the IEEE conference on computer vision and pattern recognition},
  pages={770--778},
  year={2016}
}

@inproceedings{long2015fully,
  title={Fully convolutional networks for semantic segmentation},
  author={Long, Jonathan and Shelhamer, Evan and Darrell, Trevor},
  booktitle={Proceedings of the IEEE conference on computer vision and pattern recognition},
  pages={3431--3440},
  year={2015}
}

@inproceedings{isola2017image,
  title={Image-to-image translation with conditional adversarial networks},
  author={Isola, Phillip and Zhu, Jun-Yan and Zhou, Tinghui and Efros, Alexei A},
  booktitle={Proceedings of the IEEE conference on computer vision and pattern recognition},
  pages={1125--1134},
  year={2017}
}

@article{zhang2016understanding,
  title={Understanding deep learning requires rethinking generalization},
  author={Zhang, Chiyuan and Bengio, Samy and Hardt, Moritz and Recht, Benjamin and Vinyals, Oriol},
  journal={arXiv preprint arXiv:1611.03530},
  year={2016}
}

@inproceedings{tishby2015deep,
  title={Deep learning and the information bottleneck principle},
  author={Tishby, Naftali and Zaslavsky, Noga},
  booktitle={2015 IEEE Information Theory Workshop (ITW)},
  pages={1--5},
  year={2015},
  organization={IEEE}
}

@inproceedings{karras2019style,
  title={A style-based generator architecture for generative adversarial networks},
  author={Karras, Tero and Laine, Samuli and Aila, Timo},
  booktitle={Proceedings of the IEEE Conference on Computer Vision and Pattern Recognition},
  pages={4401--4410},
  year={2019}
}

@article{schwartz2019green,
  title={Green AI},
  author={Schwartz, Roy and Dodge, Jesse and Smith, Noah A and Etzioni, Oren},
  journal={arXiv preprint arXiv:1907.10597},
  year={2019}
}

@inproceedings{theiseval,
  author    = {Lucas Theis and
               A{\"{a}}ron van den Oord and
               Matthias Bethge},
  title     = {A note on the evaluation of generative models},
  booktitle = {4th International Conference on Learning Representations, {ICLR} 2016,
               San Juan, Puerto Rico, May 2-4, 2016, Conference Track Proceedings},
  year      = {2016},
  crossref  = {DBLP:conf/iclr/2016},
  url       = {http://arxiv.org/abs/1511.01844},
  timestamp = {Wed, 17 Jul 2019 10:40:54 +0200},
  biburl    = {https://dblp.org/rec/bib/journals/corr/TheisOB15},
  bibsource = {dblp computer science bibliography, https://dblp.org}
}

@inproceedings{tomczak2018vae,
  title={VAE with a VampPrior},
  author={Tomczak, Jakub and Welling, Max},
  booktitle={International Conference on Artificial Intelligence and Statistics},
  pages={1214--1223},
  year={2018}
}

@inproceedings{bauer2019resampled,
  title={Resampled Priors for Variational Autoencoders},
  author={Bauer, Matthias and Mnih, Andriy},
  booktitle={The 22nd International Conference on Artificial Intelligence and Statistics},
  pages={66--75},
  year={2019}
}

@inproceedings{zhang2019self,
  title={Self-Attention Generative Adversarial Networks},
  author={Zhang, Han and Goodfellow, Ian and Metaxas, Dimitris and Odena, Augustus},
  booktitle={International Conference on Machine Learning},
  pages={7354--7363},
  year={2019}
}

@inproceedings{vaswani2017attention,
  title={Attention is all you need},
  author={Vaswani, Ashish and Shazeer, Noam and Parmar, Niki and Uszkoreit, Jakob and Jones, Llion and Gomez, Aidan N and Kaiser, {\L}ukasz and Polosukhin, Illia},
  booktitle={Advances in neural information processing systems},
  pages={5998--6008},
  year={2017}
}

@inproceedings{sonderby2016ladder,
  title={Ladder variational autoencoders},
  author={S{\o}nderby, Casper Kaae and Raiko, Tapani and Maal{\o}e, Lars and S{\o}nderby, S{\o}ren Kaae and Winther, Ole},
  booktitle={Advances in neural information processing systems},
  pages={3738--3746},
  year={2016}
}

@article{ramachandran2017fast,
  title={Fast Generation for Convolutional Autoregressive Models},
  author={Ramachandran, Prajit and Paine, Tom Le and Khorrami, Pooya and Babaeizadeh, Mohammad and Chang, Shiyu and Zhang, Yang and Hasegawa-Johnson, Mark A and Campbell, Roy H and Huang, Thomas S},
  journal={arXiv preprint arXiv:1704.06001},
  year={2017}
}

@inproceedings{hoogeboom2019emerging,
  title={Emerging Convolutions for Generative Normalizing Flows},
  author={Hoogeboom, Emiel and Van Den Berg, Rianne and Welling, Max},
  booktitle={International Conference on Machine Learning},
  pages={2771--2780},
  year={2019}
}

@inproceedings{
brock2018large,
title={Large Scale {GAN} Training for High Fidelity Natural Image Synthesis},
author={Andrew Brock and Jeff Donahue and Karen Simonyan},
booktitle={International Conference on Learning Representations},
year={2019},
url={https://openreview.net/forum?id=B1xsqj09Fm},
}

@inproceedings{betavae,
  author    = {Irina Higgins and
               Lo{\"{\i}}c Matthey and
               Arka Pal and
               Christopher Burgess and
               Xavier Glorot and
               Matthew Botvinick and
               Shakir Mohamed and
               Alexander Lerchner},
  title     = {beta-VAE: Learning Basic Visual Concepts with a Constrained Variational
               Framework},
  booktitle = {5th International Conference on Learning Representations, {ICLR} 2017,
               Toulon, France, April 24-26, 2017, Conference Track Proceedings},
  year      = {2017},
  crossref  = {DBLP:conf/iclr/2017},
  url       = {https://openreview.net/forum?id=Sy2fzU9gl},
  timestamp = {Thu, 25 Jul 2019 14:25:41 +0200},
  biburl    = {https://dblp.org/rec/bib/conf/iclr/HigginsMPBGBML17},
  bibsource = {dblp computer science bibliography, https://dblp.org}
}

@article{kingma2014adam,
  title={Adam: A method for stochastic optimization},
  author={Kingma, Diederik P and Ba, Jimmy},
  journal={arXiv preprint arXiv:1412.6980},
  year={2014}
}

@inproceedings{kingma2019bit,
  title={Bit-Swap: Recursive Bits-Back Coding for Lossless Compression with Hierarchical Latent Variables},
  author={Kingma, Friso and Abbeel, Pieter and Ho, Jonathan},
  booktitle={International Conference on Machine Learning},
  pages={3408--3417},
  year={2019}
}

@article{lee2020discrepancy,
  title={On the Discrepancy between Density Estimation and Sequence Generation},
  author={Lee, Jason and Tran, Dustin and Firat, Orhan and Cho, Kyunghyun},
  journal={arXiv preprint arXiv:2002.07233},
  year={2020}
}

@inproceedings{lacoste2011approximate,
  title={Approximate inference for the loss-calibrated Bayesian},
  author={Lacoste--Julien, Simon and Husz{\'a}r, Ferenc and Ghahramani, Zoubin},
  booktitle={Proceedings of the Fourteenth International Conference on Artificial Intelligence and Statistics},
  pages={416--424},
  year={2011}
}

@inproceedings{du2019gradient,
  title={Gradient Descent Finds Global Minima of Deep Neural Networks},
  author={Du, Simon and Lee, Jason and Li, Haochuan and Wang, Liwei and Zhai, Xiyu},
  booktitle={International Conference on Machine Learning},
  pages={1675--1685},
  year={2019}
}

@inproceedings{
frankle2018the,
title={The Lottery Ticket Hypothesis: Finding Sparse, Trainable Neural Networks},
author={Jonathan Frankle and Michael Carbin},
booktitle={International Conference on Learning Representations},
year={2019},
url={https://openreview.net/forum?id=rJl-b3RcF7},
}

@inproceedings{han2015learning,
  title={Learning both weights and connections for efficient neural network},
  author={Han, Song and Pool, Jeff and Tran, John and Dally, William},
  booktitle={Advances in neural information processing systems},
  pages={1135--1143},
  year={2015}
}

@article{hinton2015distilling,
  title={Distilling the knowledge in a neural network},
  author={Hinton, Geoffrey and Vinyals, Oriol and Dean, Jeff},
  journal={arXiv preprint arXiv:1503.02531},
  year={2015}
}

@inproceedings{haolicompression,
  author    = {Hao Li and
               Asim Kadav and
               Igor Durdanovic and
               Hanan Samet and
               Hans Peter Graf},
  title     = {Pruning Filters for Efficient ConvNets},
  booktitle = {5th International Conference on Learning Representations, {ICLR} 2017,
               Toulon, France, April 24-26, 2017, Conference Track Proceedings},
  publisher = {OpenReview.net},
  year      = {2017},
  url       = {https://openreview.net/forum?id=rJqFGTslg},
  timestamp = {Thu, 25 Jul 2019 14:25:50 +0200},
  biburl    = {https://dblp.org/rec/conf/iclr/0022KDSG17.bib},
  bibsource = {dblp computer science bibliography, https://dblp.org}
}

@inproceedings{
huang2018multiscale,
title={Multi-Scale Dense Networks for Resource Efficient Image Classification},
author={Gao Huang and Danlu Chen and Tianhong Li and Felix Wu and Laurens van der Maaten and Kilian Weinberger},
booktitle={International Conference on Learning Representations},
year={2018},
url={https://openreview.net/forum?id=Hk2aImxAb},
}

@inproceedings{
neyshabur2018the,
title={The role of over-parametrization in generalization of neural networks},
author={Behnam Neyshabur and Zhiyuan Li and Srinadh Bhojanapalli and Yann LeCun and Nathan Srebro},
booktitle={International Conference on Learning Representations},
year={2019},
url={https://openreview.net/forum?id=BygfghAcYX},
}

@article{neyshabur2014search,
  title={In search of the real inductive bias: On the role of implicit regularization in deep learning},
  author={Neyshabur, Behnam and Tomioka, Ryota and Srebro, Nathan},
  journal={arXiv preprint arXiv:1412.6614},
  year={2014}
}

@article{neyshabur2017implicit,
  title={Implicit regularization in deep learning},
  author={Neyshabur, Behnam},
  journal={arXiv preprint arXiv:1709.01953},
  year={2017}
}

@article{wallace1992jpeg,
  title={The JPEG still picture compression standard},
  author={Wallace, Gregory K},
  journal={IEEE transactions on consumer electronics},
  volume={38},
  number={1},
  pages={xviii--xxxiv},
  year={1992},
  publisher={IEEE}
}

@inproceedings{ulyanov2018deep,
  title={Deep image prior},
  author={Ulyanov, Dmitry and Vedaldi, Andrea and Lempitsky, Victor},
  booktitle={Proceedings of the IEEE Conference on Computer Vision and Pattern Recognition},
  pages={9446--9454},
  year={2018}
}

@inproceedings{johnson2016perceptual,
  title={Perceptual losses for real-time style transfer and super-resolution},
  author={Johnson, Justin and Alahi, Alexandre and Fei-Fei, Li},
  booktitle={European conference on computer vision},
  pages={694--711},
  year={2016},
  organization={Springer}
}

@book{cover2012elements,
  title={Elements of information theory},
  author={Cover, Thomas M and Thomas, Joy A},
  year={2012},
  publisher={John Wiley \& Sons}
}

@inproceedings{shazeer2017,
  author    = {Noam Shazeer and
               Azalia Mirhoseini and
               Krzysztof Maziarz and
               Andy Davis and
               Quoc V. Le and
               Geoffrey E. Hinton and
               Jeff Dean},
  title     = {Outrageously Large Neural Networks: The Sparsely-Gated Mixture-of-Experts
               Layer},
  booktitle = {5th International Conference on Learning Representations, {ICLR} 2017,
               Toulon, France, April 24-26, 2017, Conference Track Proceedings},
  publisher = {OpenReview.net},
  year      = {2017},
  url       = {https://openreview.net/forum?id=B1ckMDqlg},
  timestamp = {Thu, 25 Jul 2019 14:25:44 +0200},
  biburl    = {https://dblp.org/rec/conf/iclr/ShazeerMMDLHD17.bib},
  bibsource = {dblp computer science bibliography, https://dblp.org}
}

@article{bengio2015,
  author    = {Emmanuel Bengio and
               Pierre{-}Luc Bacon and
               Joelle Pineau and
               Doina Precup},
  title     = {Conditional Computation in Neural Networks for faster models},
  journal   = {CoRR},
  volume    = {abs/1511.06297},
  year      = {2015},
  url       = {http://arxiv.org/abs/1511.06297},
  archivePrefix = {arXiv},
  eprint    = {1511.06297},
  timestamp = {Mon, 13 Aug 2018 16:47:53 +0200},
  biburl    = {https://dblp.org/rec/journals/corr/BengioBPP15.bib},
  bibsource = {dblp computer science bibliography, https://dblp.org}
}

@inproceedings{dollar2010cascaded,
  title={Cascaded pose regression},
  author={Doll{\'a}r, Piotr and Welinder, Peter and Perona, Pietro},
  booktitle={2010 IEEE Computer Society Conference on Computer Vision and Pattern Recognition},
  pages={1078--1085},
  year={2010},
  organization={IEEE}
}

@article{adiwardana2020towards,
  title={Towards a human-like open-domain chatbot},
  author={Adiwardana, Daniel and Luong, Minh-Thang and So, David R and Hall, Jamie and Fiedel, Noah and Thoppilan, Romal and Yang, Zi and Kulshreshtha, Apoorv and Nemade, Gaurav and Lu, Yifeng and others},
  journal={arXiv preprint arXiv:2001.09977},
  year={2020}
}

@inproceedings{
Grathwohl2020Your,
title={Your classifier is secretly an energy based model and you should treat it like one},
author={Will Grathwohl and Kuan-Chieh Wang and Joern-Henrik Jacobsen and David Duvenaud and Mohammad Norouzi and Kevin Swersky},
booktitle={International Conference on Learning Representations},
year={2020},
url={https://openreview.net/forum?id=Hkxzx0NtDB}
}

@inproceedings{rezende2015variational,
  title={Variational Inference with Normalizing Flows},
  author={Rezende, Danilo and Mohamed, Shakir},
  booktitle={International Conference on Machine Learning},
  pages={1530--1538},
  year={2015}
}

@inproceedings{behrmann2019invertible,
  title={Invertible Residual Networks},
  author={Behrmann, Jens and Grathwohl, Will and Chen, Ricky TQ and Duvenaud, David and Jacobsen, Joern-Henrik},
  booktitle={International Conference on Machine Learning},
  pages={573--582},
  year={2019}
}

@article{tewari2020state,
  title={State of the Art on Neural Rendering},
  author={Tewari, Ayush and Fried, Ohad and Thies, Justus and Sitzmann, Vincent and Lombardi, Stephen and Sunkavalli, Kalyan and Martin-Brualla, Ricardo and Simon, Tomas and Saragih, Jason and Nie{\ss}ner, Matthias and others},
  journal={arXiv preprint arXiv:2004.03805},
  year={2020}
}

@inproceedings{gunasekar2017implicit,
  title={Implicit regularization in matrix factorization},
  author={Gunasekar, Suriya and Woodworth, Blake E and Bhojanapalli, Srinadh and Neyshabur, Behnam and Srebro, Nati},
  booktitle={Advances in Neural Information Processing Systems},
  pages={6151--6159},
  year={2017}
}

@inproceedings{vinyals2015pointer,
  title={Pointer networks},
  author={Vinyals, Oriol and Fortunato, Meire and Jaitly, Navdeep},
  booktitle={Advances in neural information processing systems},
  pages={2692--2700},
  year={2015}
}

@article{selsam2018learning,
  title={Learning a SAT solver from single-bit supervision},
  author={Selsam, Daniel and Lamm, Matthew and B{\"u}nz, Benedikt and Liang, Percy and de Moura, Leonardo and Dill, David L},
  journal={arXiv preprint arXiv:1802.03685},
  year={2018}
}

@inproceedings{ioffe2015batch,
  title={Batch Normalization: Accelerating Deep Network Training by Reducing Internal Covariate Shift},
  author={Ioffe, Sergey and Szegedy, Christian},
  booktitle={International Conference on Machine Learning},
  pages={448--456},
  year={2015}
}

@article {li_sig17,
    title = {GRASS: Generative Recursive Autoencoders for Shape Structures},
    author = {Jun Li and Kai Xu and Siddhartha Chaudhuri and Ersin Yumer and Hao Zhang and Leonidas Guibas},
    journal = {ACM Transactions on Graphics (Proc. of SIGGRAPH 2017)},
    volume = {36},
    number = {4},
    pages = {to appear},
    year = {2017}
}

@inproceedings{nair2018visual,
  title={Visual reinforcement learning with imagined goals},
  author={Nair, Ashvin V and Pong, Vitchyr and Dalal, Murtaza and Bahl, Shikhar and Lin, Steven and Levine, Sergey},
  booktitle={Advances in Neural Information Processing Systems},
  pages={9191--9200},
  year={2018}
}

@inproceedings{larsen2016autoencoding,
  title={Autoencoding beyond pixels using a learned similarity metric},
  author={Larsen, Anders Boesen Lindbo and S{\o}nderby, S{\o}ren Kaae and Larochelle, Hugo and Winther, Ole},
  booktitle={International Conference on Machine Learning},
  pages={1558--1566},
  year={2016}
}

@article{de2019block,
  title={Block neural autoregressive flow},
  author={De Cao, Nicola and Titov, Ivan and Aziz, Wilker},
  journal={arXiv preprint arXiv:1904.04676},
  year={2019}
}

@inproceedings{bauer2019resampled,
  title={Resampled Priors for Variational Autoencoders},
  author={Bauer, Matthias and Mnih, Andriy},
  booktitle={The 22nd International Conference on Artificial Intelligence and Statistics},
  pages={66--75},
  year={2019}
}

@article{blei2017variational,
  title={Variational inference: A review for statisticians},
  author={Blei, David M and Kucukelbir, Alp and McAuliffe, Jon D},
  journal={Journal of the American statistical Association},
  volume={112},
  number={518},
  pages={859--877},
  year={2017},
  publisher={Taylor \& Francis}
}

@article{burda2015importance,
  title={Importance weighted autoencoders},
  author={Burda, Yuri and Grosse, Roger and Salakhutdinov, Ruslan},
  journal={arXiv preprint arXiv:1509.00519},
  year={2015}
}

@article{oord2017neural,
  title={Neural discrete representation learning},
  author={Oord, Aaron van den and Vinyals, Oriol and Kavukcuoglu, Koray},
  journal={arXiv preprint arXiv:1711.00937},
  year={2017}
}

@inproceedings{chen2018isolating,
  title={Isolating sources of disentanglement in variational autoencoders},
  author={Chen, Tian Qi and Li, Xuechen and Grosse, Roger B and Duvenaud, David K},
  booktitle={Advances in Neural Information Processing Systems},
  pages={2610--2620},
  year={2018}
}

@inproceedings{alemi2018fixing,
  title={Fixing a Broken ELBO},
  author={Alemi, Alexander and Poole, Ben and Fischer, Ian and Dillon, Joshua and Saurous, Rif A and Murphy, Kevin},
  booktitle={International Conference on Machine Learning},
  pages={159--168},
  year={2018}
}