@article{pena1999empirical,
	title={An empirical comparison of four initialization methods for the k-means algorithm},
	author={Pena, Jos{\'e} M and Lozano, Jose Antonio and Larranaga, Pedro},
	journal={Pattern recognition letters},
	volume={20},
	number={10},
	pages={1027--1040},
	year={1999},
	publisher={Elsevier}
}

@article{lloyd1982kmeans,
	title={Least squares quantization in PCM},
	author={Lloyd, Stuart},
	journal={IEEE transactions on information theory},
	volume={28},
	number={2},
	pages={129--137},
	year={1982},
	publisher={IEEE}
}

@inproceedings{robicquet2016learning,
	title={Learning social etiquette: Human trajectory understanding in crowded scenes},
	author={Robicquet, Alexandre and Sadeghian, Amir and Alahi, Alexandre and Savarese, Silvio},
	booktitle={European conference on computer vision},
	pages={549--565},
	year={2016},
	organization={Springer}
}

@article{hug2017reliability,
	title={On the reliability of LSTM-MDL models for pedestrian trajectory prediction},
	author={Hug, Ronny and Becker, Stefan and H{\"u}bner, Wolfgang and Arens, Michael},
	journal={VIIth International Workshop on Representation, analysis and recognition of shape and motion FroM Image data (RFMI 2017)},
	year={2017}
}

@article{sadeghiankosaraju2018trajnet,
	title={TrajNet: Towards a Benchmark for Human Trajectory Prediction},
	author={Sadeghian, Amir and Kosaraju, Vineet and Gupta, Agrim and Savarese, Silvio and Alahi, Alexandre},
	journal={arXiv preprint},
	volume={},
	number={},
	pages={},
	year={2018}
}

@article{rudenko2019human,
	title={Human motion trajectory prediction: A survey},
	author={Rudenko, Andrey and Palmieri, Luigi and Herman, Michael and Kitani, Kris M and Gavrila, Dariu M and Arras, Kai O},
	journal={arXiv preprint arXiv:1905.06113},
	year={2019}
}

@inproceedings{oord2017neural,
  title={Neural discrete representation learning},
  author={van den Oord, Aaron and Vinyals, Oriol and others},
  booktitle={Advances in Neural Information Processing Systems},
  pages={6306--6315},
  year={2017}
}