%% This BibTeX bibliography file was created using BibDesk.
%% http://bibdesk.sourceforge.net/

%% Created for Leonid Iosipoi at 2019-12-14 21:23:25 +0300 


%% Saved with string encoding Unicode (UTF-8) 



@article{brh2013,
	Author = {N. Bou-Rabee, and M. Hairer},
	Date-Added = {2019-12-14 18:22:02 +0000},
	Date-Modified = {2019-12-14 18:23:21 +0000},
	Journal = {IMA Journal of Numerical Analysis},
	Number = {1},
	Pages = {80--110},
	Title = {{N}onasymptotic mixing of the {MALA} algorithm},
	Volume = {33},
	Year = {2013}}

@article{egp10,
	Author = {Ernst Eberlein, and Kathrin Glau, and Antonis Papapantoleon},
	Date-Added = {2019-01-23 21:22:06 +0000},
	Date-Modified = {2019-01-23 21:24:34 +0000},
	Journal = {Applied Mathematical Finance},
	Number = {3},
	Pages = {211--240},
	Title = {{A}nalysis of {F}ourier {T}ransform {V}aluation {F}ormulas and {A}pplications},
	Volume = {17},
	Year = {2010}}

@article{belomestny16,
	Author = {Denis Belomestny, and Nan Chen, and Yiwei Wang},
	Date-Added = {2019-01-23 03:46:01 +0000},
	Date-Modified = {2019-01-23 05:10:50 +0000},
	Journal = {Monte Carlo and Quasi-Monte Carlo Methods. Springer Proceedings in Mathematics \& Statistics},
	Pages = {229--244},
	Title = {{U}nbiased {S}imulation of {D}istributions with {E}xplicitly {K}nown {I}ntegral {T}ransforms},
	Volume = {163},
	Year = {2016}}

@article{cgmy2002,
	Author = {Peter Carr and H\'elyette Geman and Dilip B. Madan and Marc Yor},
	Date-Added = {2019-03-19 10:03:15 +0000},
	Date-Modified = {2019-03-19 10:04:46 +0000},
	Journal = {J. Bus.},
	Number = {2},
	Pages = {305--333},
	Title = {The fine structure of asset returns: an empirical investigation},
	Volume = {75},
	Year = {2002}}

@article{wintenberger2017,
	Author = {Wintenberger, Olivier},
	Date-Added = {2019-11-21 10:46:43 +0000},
	Date-Modified = {2019-11-21 11:48:52 +0000},
	Journal = {Statistics},
	Number = {1},
	Pages = {222--234},
	Title = {{E}xponential inequalities for unbounded functions of geometrically ergodic {M}arkov chains: applications to quantitative error bounds for regenerative {M}etropolis algorithms},
	Volume = {51},
	Year = {2017}}

@article{havert2019,
	Author = {Antoine Havet, and Matthieu Lerasle, and Eric Moulines, and Elodie Vernet},
	Date-Added = {2019-11-21 10:34:11 +0000},
	Date-Modified = {2019-11-21 10:54:23 +0000},
	Journal = {arXiv preprint arXiv:1907.02809},
	Title = {A quantitative {M}c {D}iarmid's inequality for geometrically ergodic {M}arkov chains},
	Year = {2019}}

@article{dedecker2015,
	Author = {J\'{e}r\^{o}me Dedecker and S\'{e}bastien Gou\"{e}zel},
	Date-Added = {2019-11-21 10:25:47 +0000},
	Date-Modified = {2019-11-21 10:31:53 +0000},
	Journal = {Electron. Commun. Probab.},
	Number = {64},
	Title = {{S}ubgaussian concentration inequalities for geometrically ergodic {M}arkov chains},
	Volume = {20},
	Year = {2015}}

@book{sato1999,
	Author = {Ken-Iti Sato},
	Date-Added = {2019-11-21 10:04:30 +0000},
	Date-Modified = {2019-11-21 10:06:57 +0000},
	Publisher = {Cambridge University Press},
	Title = {{L}\'{e}vy {P}rocesses and {I}nfinitely {D}ivisible {D}istributions},
	Year = {1999}}

@book{nolan2018,
	Address = {Boston},
	Author = {J. P. Nolan},
	Note = {In progress},
	Publisher = {Birkhauser},
	Title = {Stable Distributions - Models for Heavy Tailed Data},
	Year = {2018}}

@book{ibragimovlinnik1971,
	Author = {Ibragimov, I. A. and Linnik, Y. V.},
	Date-Added = {2019-09-02 09:47:46 +0000},
	Date-Modified = {2019-09-02 09:48:43 +0000},
	Publisher = {Walters-Noordhoff, The Netherlands},
	Title = {{I}ndependent and {S}tationary {S}equences of {R}andom {V}ariables},
	Year = {1971}}

@article{jarnertweedie2003,
	Author = {S\oren Fiig Jarner and Richard L. Tweedie},
	Date-Added = {2019-08-24 14:23:57 +0000},
	Date-Modified = {2019-08-24 14:25:37 +0000},
	Journal = {Bernoulli},
	Number = {4},
	Pages = {559--578},
	Title = {{N}ecessary {C}onditions for {G}eometric and {P}olynomial {E}rgodicity of {R}andom-{W}alk-{T}ype {M}arkov {C}hains},
	Volume = {9},
	Year = {2003}}

@article{mengersetweedie1996,
	Author = {K. L. Mengersen and R. L. Tweedie},
	Date-Added = {2019-08-22 16:18:14 +0000},
	Date-Modified = {2019-11-21 10:57:11 +0000},
	Journal = {The Annals of Statistics},
	Number = {1},
	Pages = {101--121},
	Title = {Rates of convergence of the {H}astings and {M}etropolis algorithms},
	Volume = {24},
	Year = {1996}}

@article{roberts2004,
	Author = {Gareth Roberts and Jeffrey Rosenthal},
	Journal = {Probab. Surveys},
	Number = {20--71},
	Title = {General state space {M}arkov chains and {MCMC} algorithms},
	Volume = {1},
	Year = {2004}}

@article{brosse2018diffusion,
	Author = {Brosse, Nicolas and Durmus, Alain and Meyn, Sean and Moulines, Eric},
	Journal = {arXiv preprint arXiv:1808.01665},
	Title = {Diffusion approximations and control variates for {MCMC}},
	Year = {2018}}

@article{jarnerhansen2000,
	Author = {S\oren Fiig Jarner and Ernst Hansen},
	Doi = {https://doi.org/10.1016/S0304-4149(99)00082-4},
	Issn = {0304-4149},
	Journal = {Stochastic Processes and their Applications},
	Number = {2},
	Pages = {341 -- 361},
	Title = {{G}eometric ergodicity of {M}etropolis algorithms},
	Url = {http://www.sciencedirect.com/science/article/pii/S0304414999000824},
	Volume = {85},
	Year = {2000},
	Bdsk-Url-1 = {http://www.sciencedirect.com/science/article/pii/S0304414999000824},
	Bdsk-Url-2 = {https://doi.org/10.1016/S0304-4149(99)00082-4}}

@article{jones2004,
	Author = {Galin L. Jones},
	Date-Added = {2019-07-08 23:25:53 +0000},
	Date-Modified = {2019-07-08 23:31:34 +0000},
	Journal = {Probability Surveys},
	Pages = {299--320},
	Title = {On the {M}arkov chain central limit theorem},
	Volume = {1},
	Year = {2004}}

@article{ishwaran1999,
	Author = {Ishwaran, H.},
	Date-Added = {2019-05-01 15:18:48 +0000},
	Date-Modified = {2019-05-01 15:23:39 +0000},
	Journal = {Journal of Computational and Graphical Statistics},
	Number = {779--799},
	Title = {Application of hybrid Monte Carlo to Bayesian generalized linear models: Quasicomplete separation and neural networks},
	Volume = {8},
	Year = {1999}}

@article{robertstweedie1996,
	Author = {Roberts, G., and Tweedie, R.},
	Date-Added = {2019-05-01 14:50:40 +0000},
	Date-Modified = {2019-11-21 10:58:49 +0000},
	Journal = {Biometrika},
	Pages = {95--110},
	Title = {Geometric convergence and central limit theorems for multidimensional {H}astings and {M}etropolis algorithms.},
	Volume = {83},
	Year = {1996}}

@book{meyntweedie1993,
	Author = {Meyn, S. P., and Tweedie, R. L.},
	Date-Added = {2019-05-01 14:46:39 +0000},
	Date-Modified = {2019-05-01 14:48:10 +0000},
	Publisher = {New York: Springer-Verlag},
	Title = {Markov chains and stochastic stability.},
	Year = {1993}}

@article{tierney1994,
	Author = {Tierney, L.},
	Date-Added = {2019-05-01 14:43:44 +0000},
	Date-Modified = {2019-05-01 14:44:37 +0000},
	Journal = {The Annals of Statistics},
	Number = {4},
	Pages = {1701--1762.},
	Title = {Markov chains for exploring posterior distributions},
	Volume = {22},
	Year = {1994}}

@article{h70,
	Author = {Hastings, W. K.},
	Date-Added = {2019-05-01 14:36:31 +0000},
	Date-Modified = {2019-11-21 10:56:35 +0000},
	Journal = {Biometrika},
	Pages = {97--109},
	Title = {Monte {C}arlo sampling methods using {M}arkov chains and their {A}pplications},
	Volume = {57},
	Year = {1970}}

@article{cgmy2002,
	Author = {Peter Carr and H\'elyette Geman and Dilip B. Madan and Marc Yor},
	Date-Added = {2019-03-19 10:03:15 +0000},
	Date-Modified = {2019-03-19 10:04:46 +0000},
	Journal = {J. Bus.},
	Number = {2},
	Pages = {305--333},
	Title = {The fine structure of asset returns: an empirical investigation},
	Volume = {75},
	Year = {2002}}

@article{egp10,
	Author = {Ernst Eberlein, and Kathrin Glau, and Antonis Papapantoleon},
	Date-Added = {2019-01-23 21:22:06 +0000},
	Date-Modified = {2019-01-23 21:24:34 +0000},
	Journal = {Applied Mathematical Finance},
	Number = {3},
	Pages = {211--240},
	Title = {{A}nalysis of {F}ourier {T}ransform {V}aluation {F}ormulas and {A}pplications},
	Volume = {17},
	Year = {2010}}

@article{ad17,
	Author = {Arnak S. Dalalyan},
	Date-Added = {2019-01-23 19:20:01 +0000},
	Date-Modified = {2019-01-23 19:23:24 +0000},
	Journal = {J. R. Stat. Soc. B},
	Number = {3},
	Pages = {651--676},
	Title = {{T}heoretical {G}uarantees for {A}pproximate {S}ampling from {S}mooth and {L}og‚Äêconcave {D}ensities},
	Volume = {79},
	Year = {2017}}

@article{dm17,
	Author = {Alain Durmus and \'Eric Moulines},
	Date-Added = {2019-01-23 19:16:47 +0000},
	Date-Modified = {2019-01-23 19:18:18 +0000},
	Journal = {Ann. Appl. Probab.},
	Number = {3},
	Pages = {1551--1587},
	Title = {{N}onasymptotic {C}onvergence {A}nalysis for the {U}nadjusted {L}angevin {A}lgorithm},
	Volume = {27},
	Year = {2017}}

@article{bcw16,
	Author = {Denis Belomestny, and Nan Chen, and Yiwei Wang},
	Date-Added = {2019-01-23 03:46:01 +0000},
	Date-Modified = {2019-01-23 05:10:50 +0000},
	Journal = {Monte Carlo and Quasi-Monte Carlo Methods. Springer Proceedings in Mathematics \& Statistics},
	Pages = {229--244},
	Title = {{U}nbiased {S}imulation of {D}istributions with {E}xplicitly {K}nown {I}ntegral {T}ransforms},
	Volume = {163},
	Year = {2016}}

@book{BCGMR,
	Author = {Belomestny, Denis and Comte, Fabienne and Genon-Catalot, Valentine and Masuda, Hiroki and Rei\ss , Markus},
	Isbn = {978-3-319-12372-1; 978-3-319-12373-8},
	Mrclass = {60G51 (60Gxx 62E17 62F10 62M05 91B84 91G70)},
	Mrnumber = {3364253},
	Note = {Estimation for discretely observed L\'{e}vy processes, L\'{e}vy Matters},
	Pages = {xvi+286},
	Publisher = {Springer, Cham},
	Series = {Lecture Notes in Mathematics},
	Title = {L\'{e}vy matters. {IV}},
	Volume = {2128},
	Year = {2015}}

@book{ait2014high,
	Author = {A{\"\i}t-Sahalia, Yacine and Jacod, Jean},
	Publisher = {Princeton University Press},
	Title = {High-frequency financial econometrics},
	Year = {2014}}

@article{ggm98,
	Author = {E. G\'omez and M.A. Gomez-Viilegas and J.M. Mar\'{\i}n},
	Date-Added = {2019-01-23 03:37:49 +0000},
	Date-Modified = {2019-01-23 03:40:53 +0000},
	Journal = {Communications in Statistics -- Theory and Methods},
	Number = {3},
	Pages = {589--600},
	Title = {A multivariate generalization of the power exponential family of distributions},
	Volume = {27},
	Year = {1998}}

@book{tankov2003financial,
	Author = {Tankov, Peter},
	Publisher = {CRC press},
	Title = {Financial modelling with jump processes},
	Volume = {2},
	Year = {2003}}

@article{pd80,
	Author = {Pandu R. Tadikamalla},
	Date-Added = {2019-01-23 03:33:53 +0000},
	Date-Modified = {2019-01-23 14:06:38 +0000},
	Journal = {Journal of the American Statistical Association},
	Number = {371},
	Pages = {683--686},
	Title = {{R}andom {S}ampling from the {E}xponential {P}ower {D}istribution},
	Volume = {75},
	Year = {1980}}

@book{st94,
	Author = {G. Samorodnitsky and M. Taqqu},
	Date-Added = {2019-01-23 03:26:47 +0000},
	Date-Modified = {2019-01-23 03:28:19 +0000},
	Publisher = {Chapman and Hall, New York},
	Title = {{S}table non-{G}aussian {R}andom {P}rocesses.},
	Year = {1994}}

@article{nolan2013,
	Author = {John P. Nolan},
	Date-Added = {2019-01-23 03:22:33 +0000},
	Date-Modified = {2019-01-23 03:24:32 +0000},
	Journal = {Comput. Stat.},
	Number = {5},
	Pages = {2067--2089},
	Title = {{M}ultivariate {E}lliptically {C}ontoured {S}table {D}istributions: {T}heory and {E}stimation},
	Volume = {28},
	Year = {2013}}

@article{robertstweedie1996Langevin,
	Author = {Gareth O. Roberts and Richard L. Tweedie.},
	Date-Added = {2019-01-23 00:05:41 +0000},
	Date-Modified = {2019-05-01 15:08:13 +0000},
	Journal = {Bernoulli},
	Number = {4},
	Pages = {341--363},
	Title = {{E}xponential {C}onvergence of {L}angevin {D}istributions and their {D}iscrete {A}pproximations.},
	Volume = {2},
	Year = {1996}}

@article{biz2018,
	Author = {D. V. Belomestny, and L. S. Iosipoi, and N. K. Zhivotovskiy},
	Date-Added = {2018-11-23 14:46:38 +0000},
	Date-Modified = {2018-11-23 14:48:24 +0000},
	Journal = {Doklady Mathematics},
	Number = {2},
	Pages = {494-497},
	Title = {Variance Reduction in Monte Carlo Estimators via Empirical Variance Minimization},
	Volume = {98},
	Year = {2018}}

@article{boyle1977,
	Author = {Phelim P. Boyle},
	Date-Added = {2018-08-23 14:13:20 +0000},
	Date-Modified = {2018-08-29 09:24:35 +0000},
	Journal = {Journal of Financial Economics},
	Number = {3},
	Pages = {323--338},
	Title = {{O}ptions: {A} {M}onte {C}arlo approach},
	Volume = {4},
	Year = {1977}}

@article{hull1988,
	Author = {John Hull and Alan White},
	Date-Added = {2018-08-23 14:01:57 +0000},
	Date-Modified = {2018-08-29 09:24:40 +0000},
	Journal = {Journal of Financial and Quantitative analysis},
	Number = {3},
	Pages = {237--251},
	Title = {{T}he {U}se of the {C}ontrol {V}ariate {T}echnique in {O}ption {P}ricing},
	Volume = {23},
	Year = {1988}}

@misc{Mathematica,
	Author = {Wolfram Research{,} Inc.},
	Note = {Champaign, IL, 2018},
	Title = {Mathematica, {V}ersion 11.3}}

@article{barron99,
	Author = {Yuhong Yang and Andrew Barron},
	Date-Added = {2018-07-20 19:27:23 +0000},
	Date-Modified = {2018-08-29 09:24:57 +0000},
	Journal = {The Annals of Statistics},
	Number = {5},
	Pages = {1564--1599},
	Title = {{I}nformation-{T}heoretic {D}etermination of {M}inimax {R}ates of {C}onvergence},
	Volume = {27},
	Year = {1999}}

@article{mhaskar96,
	Author = {Hrushikesh N. Mhaskar},
	Date-Added = {2018-07-19 21:10:26 +0000},
	Date-Modified = {2018-08-29 09:24:48 +0000},
	Journal = {Neural Computation},
	Number = {1},
	Pages = {164--177},
	Title = {{N}eural {N}etworks for {O}ptimal {A}pproximation of {S}mooth and {A}nalytic {F}unctions},
	Volume = {8},
	Year = {1996}}

@book{vaart96,
	Author = {Aad van der Vaart and Jon A. Wellner},
	Date-Added = {2018-07-19 20:27:47 +0000},
	Date-Modified = {2018-08-29 09:15:19 +0000},
	Publisher = {Springer, New York},
	Title = {{W}eak {C}onvergence and {E}mpirical {P}rocesses},
	Year = {1996}}

@book{geer00,
	Author = {Sara van de Geer},
	Date-Added = {2018-07-19 20:09:08 +0000},
	Date-Modified = {2018-07-19 20:10:04 +0000},
	Publisher = {Cambridge},
	Title = {{E}mpirical {P}rocesses in {M}-{E}stimation},
	Year = {2000}}

@book{devroy95,
	Author = {Luc Devroye, and L\'aszl\'o Gy\"orfi, and G\'abor Lugosi},
	Date-Added = {2018-07-19 20:05:46 +0000},
	Date-Modified = {2018-08-29 09:23:20 +0000},
	Publisher = {Springer, New York},
	Title = {{A} {P}robabilistic {T}heory of {P}attern {R}ecognition},
	Year = {1996}}

@article{wong95,
	Author = {Wing H. Wong and Xiaotong Shen},
	Date-Added = {2018-07-19 20:04:11 +0000},
	Date-Modified = {2018-08-29 09:24:43 +0000},
	Journal = {The Annals of Statistics},
	Number = {2},
	Pages = {339--362},
	Title = {{P}robability {I}nequalities for {L}ikelihood {R}atios and {C}onvergence {R}ates of {S}ieve {MLES}},
	Volume = {23},
	Year = {1995}}

@article{oates2016convergence,
	Author = {Oates, Chris J. and Cockayne, Jon and Briol, Fran{\c{c}}ois-Xavier and Girolami, Mark},
	Date-Modified = {2018-08-02 16:36:57 +0000},
	Journal = {arXiv preprint arXiv:1603.03220},
	Title = {{C}onvergence {R}ates for a {C}lass of {E}stimators {B}ased on {S}tein's {I}dentity},
	Year = {2016}}

@article{nickl2007bracketing,
	Author = {Nickl, Richard and P{\"o}tscher, Benedikt M.},
	Date-Modified = {2018-08-02 16:35:00 +0000},
	Journal = {Journal of Theoretical Probability},
	Number = {2},
	Pages = {177--199},
	Publisher = {Springer},
	Title = {{B}racketing {M}etric {E}ntropy {R}ates and {E}mpirical {C}entral {L}imit {T}heorems for {F}unction {C}lasses of {B}esov- and {S}obolev-{T}ype},
	Volume = {20},
	Year = {2007}}

@article{oates2017control,
	Author = {Chris J. Oates, and Mark Girolami, and Nicolas Chopin},
	Date-Modified = {2018-08-29 09:42:24 +0000},
	Journal = {Journal of the Royal Statistical Society: Series B (Statistical Methodology)},
	Number = {3},
	Pages = {695--718},
	Publisher = {Wiley Online Library},
	Title = {{C}ontrol {F}unctionals for {M}onte {C}arlo {I}ntegration},
	Volume = {79},
	Year = {2017}}

@book{christian1999monte,
	Author = {Christian P. Robert and George Casella},
	Date-Modified = {2018-08-29 09:21:38 +0000},
	Publisher = {Springer, New York},
	Title = {{M}onte {C}arlo {S}tatistical {M}ethods},
	Year = {1999}}

@book{rubinstein2016simulation,
	Author = {Rubinstein, Reuven Y. and Kroese, Dirk P.},
	Date-Modified = {2018-08-02 16:37:12 +0000},
	Publisher = {John Wiley \& Sons},
	Title = {{S}imulation and the {M}onte {C}arlo {M}ethod},
	Volume = {10},
	Year = {2016}}

@book{glasserman2013monte,
	Author = {Glasserman, Paul},
	Date-Modified = {2018-08-02 16:36:22 +0000},
	Publisher = {Springer Science \& Business Media},
	Title = {{M}onte {C}arlo {M}ethods in {F}inancial {E}ngineering},
	Volume = {53},
	Year = {2013}}

@book{dimov2008monte,
	Author = {Ivan T. Dimov},
	Date-Modified = {2018-08-29 09:29:34 +0000},
	Publisher = {World Scientific},
	Title = {{M}onte {C}arlo {M}ethods for {A}pplied {S}cientists},
	Year = {2008}}

@article{belomestny2018stratified,
	Author = {Belomestny, Denis and H\"afner, Stefan and Urusov, Mikhail},
	Date-Modified = {2018-08-29 10:19:48 +0000},
	Journal = {Journal of Mathematical Analysis and Applications},
	Pages = {393-418},
	Publisher = {Elsevier},
	Title = {{V}ariance {R}eduction for {D}iscretised {D}iffusions via {R}egression},
	Volume = {458},
	Year = {2018}}

@article{clemencon2008,
	Author = {St\'ephan Cl\'emen{\c{c}}on and G\'abor Lugosi and Nicolas Vayatis},
	Date-Modified = {2018-08-29 09:34:04 +0000},
	Fjournal = {The Annals of Statistics},
	Journal = {Ann. Statist.},
	Number = {2},
	Pages = {844--874},
	Publisher = {The Institute of Mathematical Statistics},
	Title = {{R}anking and {E}mpirical {M}inimization of {U}-statistics},
	Volume = {36},
	Year = {2008}}

@article{hoeffding63,
	Abstract = {Upper bounds are derived for the probability that the sum S of n independent random variables exceeds its mean ES by a positive number nt. It is assumed that the range of each summand of S is bounded or bounded above. The bounds for <tex-math>$\Pr \{ S - ES \geq nt \}$</tex-math> depend only on the endpoints of the ranges of the summands and the mean, or the mean and the variance of S. These results are then used to obtain analogous inequalities for certain sums of dependent random variables such as U statistics and the sum of a random sample without replacement from a finite population.},
	Author = {Wassily Hoeffding},
	Date-Modified = {2018-08-29 09:24:31 +0000},
	Journal = {Journal of the American Statistical Association},
	Number = {301},
	Pages = {13--30},
	Publisher = {[American Statistical Association, Taylor & Francis, Ltd.]},
	Title = {{P}robability {I}nequalities for {S}ums of {B}ounded {R}andom {V}ariables},
	Volume = {58},
	Year = {1963}}

@article{portier2018monte,
	Author = {Portier, Fran{\c{c}}ois and Segers, Johan},
	Date-Modified = {2018-08-29 10:19:13 +0000},
	Journal = {arXiv preprint arXiv:1801.01797},
	Title = {{M}onte {C}arlo {I}ntegration with a {G}rowing {N}umber of {C}ontrol {V}ariates},
	Year = {2018}}

@article{owen2000safe,
	Author = {Owen, Art and Zhou, Yi},
	Date-Modified = {2018-08-29 09:24:22 +0000},
	Journal = {Journal of the American Statistical Association},
	Number = {449},
	Pages = {135--143},
	Publisher = {Taylor \& Francis Group},
	Title = {{S}afe and {E}ffective {I}mportance {S}ampling},
	Volume = {95},
	Year = {2000}}

@incollection{glynn2002some,
	Author = {Glynn, Peter W. and Szechtman, Roberto},
	Booktitle = {Monte Carlo and Quasi-Monte Carlo Methods 2000},
	Date-Modified = {2018-08-29 09:26:59 +0000},
	Pages = {27--49},
	Publisher = {Springer, Berlin},
	Title = {{S}ome {N}ew {P}erspectives on the {M}ethod of {C}ontrol {V}ariates},
	Year = {2002}}

@inproceedings{liu2016black,
	Author = {Qiang Liu and Jason D. Lee},
	Booktitle = {AISTATS},
	Date-Modified = {2018-08-29 09:37:04 +0000},
	Title = {{B}lack-box {I}mportance {S}ampling},
	Year = {2017}}

@article{dingecc2013control,
	Author = {Dinge{\c{c}}, Kemal D. and H\"ormann, Wolfgang},
	Date-Modified = {2018-08-29 09:35:09 +0000},
	Journal = {Insurance: Mathematics and Economics},
	Number = {3},
	Pages = {421--434},
	Publisher = {Elsevier},
	Title = {{C}ontrol {V}ariates and {C}onditional {M}onte {C}arlo for {B}asket and {A}sian {O}ptions},
	Volume = {52},
	Year = {2013}}

@book{MR2742422,
	Doi = {10.1201/b10905},
	Editor = {Brooks, Steve and Gelman, Andrew and Jones, Galin L. and Meng, Xiao-Li},
	Isbn = {978-1-4200-7941-8},
	Mrclass = {62-06 (60J22 62F15 65C05)},
	Mrnumber = {2742422},
	Pages = {xxvi+592},
	Publisher = {CRC Press, Boca Raton, FL},
	Series = {Chapman \& Hall/CRC Handbooks of Modern Statistical Methods},
	Title = {Handbook of {M}arkov chain {M}onte {C}arlo},
	Url = {https://doi.org/10.1201/b10905},
	Year = {2011},
	Bdsk-Url-1 = {https://doi.org/10.1201/b10905},
	Bdsk-Url-2 = {http://dx.doi.org/10.1201/b10905}}

@book{MR2828488,
	Author = {Liang, Faming and Liu, Chuanhai and Carroll, Raymond J.},
	Doi = {10.1002/9780470669723},
	Isbn = {978-0-470-74826-8},
	Mrclass = {60J22 (62F15 62L20 65C05)},
	Mrnumber = {2828488},
	Mrreviewer = {Bruno Betr\`o},
	Note = {Learning from past samples},
	Pages = {xx+357},
	Publisher = {John Wiley \& Sons, Ltd., Chichester},
	Series = {Wiley Series in Computational Statistics},
	Title = {Advanced {M}arkov chain {M}onte {C}arlo methods},
	Url = {https://doi.org/10.1002/9780470669723},
	Year = {2010},
	Bdsk-Url-1 = {https://doi.org/10.1002/9780470669723},
	Bdsk-Url-2 = {http://dx.doi.org/10.1002/9780470669723}}

@book{MR2260716,
	Author = {Gamerman, Dani and Lopes, Hedibert Freitas},
	Edition = {Second},
	Isbn = {978-1-58488-587-0; 1-58488-587-4},
	Mrclass = {65C05 (62F15)},
	Mrnumber = {2260716},
	Mrreviewer = {Galin L. Jones},
	Note = {Stochastic simulation for Bayesian inference},
	Pages = {xviii+323},
	Publisher = {Chapman \& Hall/CRC, Boca Raton, FL},
	Series = {Texts in Statistical Science Series},
	Title = {Markov chain {M}onte {C}arlo},
	Year = {2006}}

@book{MR2238833,
	Doi = {10.1142/9789812700919},
	Editor = {Kendall, W. S. and Liang, F. and Wang, J.-S.},
	Isbn = {981-256-427-6},
	Mrclass = {65-06 (60-06 65C05)},
	Mrnumber = {2238833},
	Note = {Innovations and applications},
	Pages = {xviii+220},
	Publisher = {World Scientific Publishing Co. Pte. Ltd., Hackensack, NJ},
	Series = {Lecture Notes Series. Institute for Mathematical Sciences. National University of Singapore},
	Title = {Markov chain {M}onte {C}arlo},
	Url = {https://doi.org/10.1142/9789812700919},
	Volume = {7},
	Year = {2005},
	Bdsk-Url-1 = {https://doi.org/10.1142/9789812700919},
	Bdsk-Url-2 = {http://dx.doi.org/10.1142/9789812700919}}

@book{MR2111634,
	Author = {Berg, Bernd A.},
	Doi = {10.1142/5602},
	Isbn = {981-238-935-0},
	Mrclass = {62-01 (62J10 62M02 62M05 65C05)},
	Mrnumber = {2111634},
	Note = {With web-based Fortran code},
	Pages = {xvi+361},
	Publisher = {World Scientific Publishing Co. Pte. Ltd., Hackensack, NJ},
	Title = {Markov chain {M}onte {C}arlo simulations and their statistical analysis},
	Url = {https://doi.org/10.1142/5602},
	Year = {2004},
	Bdsk-Url-1 = {https://doi.org/10.1142/5602},
	Bdsk-Url-2 = {http://dx.doi.org/10.1142/5602}}

@book{MR1419096,
	Author = {Robert, Christian},
	Isbn = {2-7178-3154-1},
	Mrclass = {60J05 (62F15 65U05)},
	Mrnumber = {1419096},
	Mrreviewer = {Mauro Piccioni},
	Pages = {x+340},
	Publisher = {\'{E}ditions \'{E}conomica, Paris},
	Series = {Statistique Math\'{e}matique et Probabilit\'{e}. [Mathematical Statistics and Probability]},
	Title = {M\'{e}thodes de {M}onte {C}arlo par cha\^{\i}nes de {M}arkov},
	Year = {1996}}

@book{MR1397966,
	Doi = {10.1007/978-1-4899-4485-6},
	Editor = {Gilks, W. R. and Richardson, S. and Spiegelhalter, D. J.},
	Isbn = {0-412-05551-1},
	Mrclass = {62A15 (60J10 62F15 65C05)},
	Mrnumber = {1397966},
	Mrreviewer = {Michael J. Evans},
	Pages = {xviii+486},
	Publisher = {Chapman \& Hall, London},
	Series = {Interdisciplinary Statistics},
	Title = {Markov chain {M}onte {C}arlo in practice},
	Url = {https://doi.org/10.1007/978-1-4899-4485-6},
	Year = {1996},
	Bdsk-Url-1 = {https://doi.org/10.1007/978-1-4899-4485-6},
	Bdsk-Url-2 = {http://dx.doi.org/10.1007/978-1-4899-4485-6}}

@book{MR2933059,
	Author = {M\"{u}ller-Gronbach, Thomas and Novak, Erich and Ritter, Klaus},
	Date-Modified = {2019-11-21 10:58:13 +0000},
	Doi = {10.1007/978-3-540-89141-3},
	Isbn = {978-3-540-89140-6},
	Mrclass = {65C05 (68W20)},
	Mrnumber = {2933059},
	Mrreviewer = {Natalie Packham},
	Pages = {x+324},
	Publisher = {Springer, Heidelberg},
	Series = {Springer-Lehrbuch},
	Title = {Monte {C}arlo-{A}lgorithmen},
	Url = {https://doi.org/10.1007/978-3-540-89141-3},
	Year = {2012},
	Bdsk-Url-1 = {https://doi.org/10.1007/978-3-540-89141-3},
	Bdsk-Url-2 = {http://dx.doi.org/10.1007/978-3-540-89141-3}}

@article{MR2752708,
	Author = {Glasserman, Paul and Liu, Zongjian},
	Doi = {10.1287/opre.1100.0837},
	Fjournal = {Operations Research},
	Issn = {0030-364X},
	Journal = {Oper. Res.},
	Mrclass = {62-04 (62G05 90C31 91G80)},
	Mrnumber = {2752708},
	Number = {6},
	Pages = {1611--1623},
	Title = {Sensitivity estimates from characteristic functions},
	Url = {https://doi.org/10.1287/opre.1100.0837},
	Volume = {58},
	Year = {2010},
	Bdsk-Url-1 = {https://doi.org/10.1287/opre.1100.0837},
	Bdsk-Url-2 = {http://dx.doi.org/10.1287/opre.1100.0837}}

@article{metropolis1953equation,
	Author = {Metropolis, Nicholas and Rosenbluth, Arianna W and Rosenbluth, Marshall N and Teller, Augusta H and Teller, Edward},
	Journal = {The journal of chemical physics},
	Number = {6},
	Pages = {1087--1092},
	Publisher = {AIP},
	Title = {Equation of state calculations by fast computing machines},
	Volume = {21},
	Year = {1953}}

@article{brosse2018normalizing,
	Author = {Brosse, Nicolas and Durmus, Alain and Moulines, {\'E}ric and others},
	Journal = {Electronic Journal of Statistics},
	Number = {1},
	Pages = {851--889},
	Publisher = {The Institute of Mathematical Statistics and the Bernoulli Society},
	Title = {Normalizing constants of log-concave densities},
	Volume = {12},
	Year = {2018}}
